<?xml version="1.0" encoding="UTF-8"?>
<!DOCTYPE html PUBLIC "-//W3C//DTD XHTML 1.0 Transitional//EN"
    "http://www.w3.org/TR/xhtml1/DTD/xhtml1-transitional.dtd">
<html xmlns="http://www.w3.org/1999/xhtml" xml:lang="en" lang="en">
 <head>
  <title>
</title>
<meta http-equiv="Content-Type" content="text/html;charset=utf-8" />
  <meta name='ocr-system' content='tesseract 3.04.00' />
  <meta name='ocr-capabilities' content='ocr_page ocr_carea ocr_par ocr_line ocrx_word'/>
</head>
<body>
  <div class='ocr_page' id='page_1' title='image "./sfrancisciassis00dogoog_0178.png"; bbox 0 0 3142 4875; ppageno 0'>
   <div class='ocr_carea' id='block_1_1' title="bbox 237 360 952 448">
    <p class='ocr_par' dir='ltr' id='par_1_1' title="bbox 237 360 952 448">
     <span class='ocr_line' id='line_1_1' title="bbox 237 360 952 448; baseline 0.001 -18"><span class='ocrx_word' id='word_1_1' title='bbox 237 360 286 448; x_wconf 83' lang='lat'>84</span> <span class='ocrx_word' id='word_1_2' title='bbox 638 381 810 431; x_wconf 77' lang='lat' dir='ltr'>Laonxnn</span> <span class='ocrx_word' id='word_1_3' title='bbox 840 383 952 432; x_wconf 72' lang='lat' dir='ltr'>unum</span> 
     </span>
    </p>
   </div>
   <div class='ocr_carea' id='block_1_2' title="bbox 185 615 1468 3918">
    <p class='ocr_par' dir='ltr' id='par_1_2' title="bbox 185 615 1468 3918">
     <span class='ocr_line' id='line_1_2' title="bbox 236 615 1359 716; baseline 0 -25"><span class='ocrx_word' id='word_1_4' title='bbox 236 644 311 691; x_wconf 93' lang='lat' dir='ltr'>non</span> <span class='ocrx_word' id='word_1_5' title='bbox 340 617 461 691; x_wconf 90' lang='lat' dir='ltr'>minus</span> <span class='ocrx_word' id='word_1_6' title='bbox 499 632 556 690; x_wconf 88' lang='lat' dir='ltr'>est</span> <span class='ocrx_word' id='word_1_7' title='bbox 590 615 863 699; x_wconf 89' lang='lat' dir='ltr'>admirandum,</span> <span class='ocrx_word' id='word_1_8' title='bbox 903 641 987 688; x_wconf 92' lang='lat' dir='ltr'>cum</span> <span class='ocrx_word' id='word_1_9' title='bbox 1024 616 1167 689; x_wconf 84' lang='lat' dir='ltr'>litteras</span> <span class='ocrx_word' id='word_1_10' title='bbox 1203 617 1359 716; x_wconf 90' lang='lat' dir='ltr'>aliquas,</span> 
     </span>
     <span class='ocr_line' id='line_1_3' title="bbox 235 722 1357 820; baseline 0 -23"><span class='ocrx_word' id='word_1_11' title='bbox 235 724 469 799; x_wconf 86' lang='lat' dir='ltr'>salutationis</span> <span class='ocrx_word' id='word_1_12' title='bbox 498 722 557 797; x_wconf 89' lang='lat' dir='ltr'>vel</span> <span class='ocrx_word' id='word_1_13' title='bbox 593 722 861 795; x_wconf 82' lang='lat' dir='ltr'>admonitionis</span> <span class='ocrx_word' id='word_1_14' title='bbox 896 722 1029 820; x_wconf 86' lang='lat' dir='ltr'>gratia,</span> <span class='ocrx_word' id='word_1_15' title='bbox 1067 724 1207 796; x_wconf 88' lang='lat' dir='ltr'>laceret</span> <span class='ocrx_word' id='word_1_16' title='bbox 1235 725 1357 809; x_wconf 87' lang='lat' dir='ltr'>scribi,</span> 
     </span>
     <span class='ocr_line' id='line_1_4' title="bbox 237 827 1361 927; baseline -0.001 -23"><span class='ocrx_word' id='word_1_17' title='bbox 237 858 311 904; x_wconf 92' lang='lat' dir='ltr'>non</span> <span class='ocrx_word' id='word_1_18' title='bbox 344 832 556 927; x_wconf 89' lang='lat' dir='ltr'>patiebatur</span> <span class='ocrx_word' id='word_1_19' title='bbox 584 854 633 903; x_wconf 90' lang='lat' dir='ltr'>ex</span> <span class='ocrx_word' id='word_1_20' title='bbox 662 828 732 901; x_wconf 93' lang='lat' dir='ltr'>hiis</span> <span class='ocrx_word' id='word_1_21' title='bbox 767 827 883 902; x_wconf 88' lang='lat' dir='ltr'>deleri</span> <span class='ocrx_word' id='word_1_22' title='bbox 911 829 1072 902; x_wconf 86' lang='lat' dir='ltr'>litteram</span> <span class='ocrx_word' id='word_1_23' title='bbox 1105 829 1267 927; x_wconf 87' lang='lat' dir='ltr'>aliquam</span> <span class='ocrx_word' id='word_1_24' title='bbox 1296 848 1361 904; x_wconf 90' lang='lat' dir='ltr'>aut</span> 
     </span>
     <span class='ocr_line' id='line_1_5' title="bbox 236 935 1360 1035; baseline 0 -24"><span class='ocrx_word' id='word_1_25' title='bbox 236 937 416 1023; x_wconf 88' lang='lat' dir='ltr'>sillabam,</span> <span class='ocrx_word' id='word_1_26' title='bbox 448 937 534 1010; x_wconf 89' lang='lat' dir='ltr'>licet</span> <span class='ocrx_word' id='word_1_27' title='bbox 561 935 749 1033; x_wconf 86' lang='lat' dir='ltr'>superflua</span> <span class='ocrx_word' id='word_1_28' title='bbox 777 961 891 1034; x_wconf 84' lang='lat' dir='ltr'>saepe</span> <span class='ocrx_word' id='word_1_29' title='bbox 916 954 980 1009; x_wconf 88' lang='lat' dir='ltr'>aut</span> <span class='ocrx_word' id='word_1_30' title='bbox 1008 936 1268 1033; x_wconf 88' lang='lat' dir='ltr'>incompetens</span> <span class='ocrx_word' id='word_1_31' title='bbox 1296 963 1360 1035; x_wconf 93' lang='lat' dir='ltr'>po·</span> 
     </span>
     <span class='ocr_line' id='line_1_6' title="bbox 237 1060 1408 1138; baseline -0.003 -19"><span class='ocrx_word' id='word_1_32' title='bbox 237 1060 399 1119; x_wconf 88' lang='lat' dir='ltr'>neretur.</span> <span class='ocrx_word' id='word_1_33' title='bbox 1391 1075 1408 1138; x_wconf 90' lang='lat'><em>5</em></span> 
     </span>
     <span class='ocr_line' id='line_1_7' title="bbox 319 1149 1360 1248; baseline -0.001 -24"><span class='ocrx_word' id='word_1_34' title='bbox 319 1154 340 1223; x_wconf 86' lang='lat'>8</span> <span class='ocrx_word' id='word_1_35' title='bbox 346 1177 379 1245; x_wconf 81' lang='lat'>3.</span> <span class='ocrx_word' id='word_1_36' title='bbox 397 1152 520 1224; x_wconf 88' lang='lat' dir='ltr'>Homo</span> <span class='ocrx_word' id='word_1_37' title='bbox 535 1151 702 1223; x_wconf 77' lang='lat' dir='ltr'>interior.</span> <span class='ocrx_word' id='word_1_38' title='bbox 762 1149 798 1222; x_wconf 94' lang='lat' dir='ltr'>O</span> <span class='ocrx_word' id='word_1_39' title='bbox 811 1175 923 1246; x_wconf 90' lang='lat' dir='ltr'>quam</span> <span class='ocrx_word' id='word_1_40' title='bbox 933 1150 1096 1245; x_wconf 86' lang='lat' dir='ltr'>pulcher,</span> <span class='ocrx_word' id='word_1_41' title='bbox 1111 1173 1223 1246; x_wconf 89' lang='lat' dir='ltr'>quarn</span> <span class='ocrx_word' id='word_1_42' title='bbox 1239 1150 1360 1248; x_wconf 89' lang='lat' dir='ltr'>splen·</span> 
     </span>
     <span class='ocr_line' id='line_1_8' title="bbox 236 1255 1389 1354; baseline -0.001 -23"><span class='ocrx_word' id='word_1_43' title='bbox 236 1258 356 1344; x_wconf 83' lang='lat' dir='ltr'>didus,</span> <span class='ocrx_word' id='word_1_44' title='bbox 372 1283 485 1354; x_wconf 87' lang='lat' dir='ltr'>quam</span> <span class='ocrx_word' id='word_1_45' title='bbox 500 1257 686 1354; x_wconf 87' lang='lat' dir='ltr'>gloriosus</span> <span class='ocrx_word' id='word_1_46' title='bbox 700 1258 907 1352; x_wconf 83' lang='lat' dir='ltr'>apparebat</span> <span class='ocrx_word' id='word_1_47' title='bbox 923 1255 1069 1330; x_wconf 86' lang='lat' dir='ltr'>invitae</span> <span class='ocrx_word' id='word_1_48' title='bbox 1085 1257 1308 1341; x_wconf 90' lang='lat' dir='ltr'>innocentia,</span> <span class='ocrx_word' id='word_1_49' title='bbox 1323 1258 1358 1330; x_wconf 93' lang='lat' dir='ltr'>in</span> <span class='ocrx_word' id='word_1_50' title='bbox 1388 1313 1389 1316; x_wconf 63' lang='lat'>,</span> 
     </span>
     <span class='ocr_line' id='line_1_9' title="bbox 236 1363 1360 1460; baseline 0 -23"><span class='ocrx_word' id='word_1_51' title='bbox 236 1364 474 1460; x_wconf 89' lang='lat' dir='ltr'>simplicitate</span> <span class='ocrx_word' id='word_1_52' title='bbox 489 1365 699 1447; x_wconf 90' lang='lat' dir='ltr'>verborum,</span> <span class='ocrx_word' id='word_1_53' title='bbox 719 1363 755 1435; x_wconf 93' lang='lat' dir='ltr'>in</span> <span class='ocrx_word' id='word_1_54' title='bbox 771 1363 933 1459; x_wconf 90' lang='lat' dir='ltr'>puritate</span> <span class='ocrx_word' id='word_1_55' title='bbox 948 1363 1082 1445; x_wconf 91' lang='lat' dir='ltr'>cordis,</span> <span class='ocrx_word' id='word_1_56' title='bbox 1101 1365 1138 1435; x_wconf 92' lang='lat' dir='ltr'>in</span> <span class='ocrx_word' id='word_1_57' title='bbox 1158 1363 1360 1437; x_wconf 90' lang='lat' dir='ltr'>dilectione</span> 
     </span>
     <span class='ocr_line' id='line_1_10' title="bbox 236 1469 1358 1567; baseline -0.002 -22"><span class='ocrx_word' id='word_1_58' title='bbox 236 1473 320 1557; x_wconf 91' lang='lat' dir='ltr'>Dei,</span> <span class='ocrx_word' id='word_1_59' title='bbox 345 1472 381 1544; x_wconf 93' lang='lat' dir='ltr'>in</span> <span class='ocrx_word' id='word_1_60' title='bbox 410 1470 591 1543; x_wconf 84' lang='lat' dir='ltr'>charitate</span> <span class='ocrx_word' id='word_1_61' title='bbox 620 1471 793 1554; x_wconf 87' lang='lat' dir='ltr'>fraterna,</span> <span class='ocrx_word' id='word_1_62' title='bbox 826 1470 862 1541; x_wconf 92' lang='lat' dir='ltr'>in</span> <span class='ocrx_word' id='word_1_63' title='bbox 879 1469 1051 1567; x_wconf 85' lang='lat' dir='ltr'>flagranti</span> <span class='ocrx_word' id='word_1_64' title='bbox 1073 1471 1299 1555; x_wconf 84' lang='lat' dir='ltr'>obedientia,</span> <span class='ocrx_word' id='word_1_65' title='bbox 1323 1470 1358 1543; x_wconf 94' lang='lat' dir='ltr'>in</span> 
     </span>
     <span class='ocr_line' id='line_1_11' title="bbox 237 1575 1435 1674; baseline 0 -22"><span class='ocrx_word' id='word_1_66' title='bbox 237 1578 414 1653; x_wconf 88' lang='lat' dir='ltr'>concordi</span> <span class='ocrx_word' id='word_1_67' title='bbox 452 1576 645 1672; x_wconf 91' lang='lat' dir='ltr'>obsequi0,</span> <span class='ocrx_word' id='word_1_68' title='bbox 682 1575 718 1649; x_wconf 95' lang='lat' dir='ltr'>in</span> <span class='ocrx_word' id='word_1_69' title='bbox 755 1592 910 1674; x_wconf 91' lang='lat' dir='ltr'>aspectu</span> <span class='ocrx_word' id='word_1_70' title='bbox 939 1576 1131 1674; x_wconf 86' lang='lat' dir='ltr'>angelico!</span> <span class='ocrx_word' id='word_1_71' title='bbox 1163 1577 1293 1650; x_wconf 91' lang='lat' dir='ltr'>Dulcis</span> <span class='ocrx_word' id='word_1_72' title='bbox 1322 1576 1359 1651; x_wconf 91' lang='lat' dir='ltr'>in</span> <span class='ocrx_word' id='word_1_73' title='bbox 1394 1606 1435 1652; x_wconf 84' lang='grc' dir='ltr'>ιο</span> 
     </span>
     <span class='ocr_line' id='line_1_12' title="bbox 233 1682 1359 1781; baseline 0.002 -26"><span class='ocrx_word' id='word_1_74' title='bbox 233 1685 414 1772; x_wconf 66' lang='lat' dir='ltr'>‚moribus</span> <span class='ocrx_word' id='word_1_75' title='bbox 446 1700 578 1756; x_wconf 90' lang='lat' dir='ltr'>natura</span> <span class='ocrx_word' id='word_1_76' title='bbox 606 1683 784 1781; x_wconf 73' lang='lat' dir='ltr'>placidus</span> <span class='ocrx_word' id='word_1_77' title='bbox 813 1682 969 1756; x_wconf 79' lang='lat' dir='ltr'>affabilis</span> <span class='ocrx_word' id='word_1_78' title='bbox 997 1685 1033 1755; x_wconf 92' lang='lat' dir='ltr'>in</span> <span class='ocrx_word' id='word_1_79' title='bbox 1054 1709 1238 1768; x_wconf 89' lang='lat' dir='ltr'>sermone,</span> <span class='ocrx_word' id='word_1_80' title='bbox 1262 1710 1359 1757; x_wconf 92' lang='lat' dir='ltr'>com·</span> 
     </span>
     <span class='ocr_line' id='line_1_13' title="bbox 239 1788 1468 1889; baseline -0.001 -25"><span class='ocrx_word' id='word_1_81' title='bbox 239 1792 477 1864; x_wconf 90' lang='lat' dir='ltr'>modissimus</span> <span class='ocrx_word' id='word_1_82' title='bbox 492 1790 527 1863; x_wconf 91' lang='lat' dir='ltr'>in</span> <span class='ocrx_word' id='word_1_83' title='bbox 544 1791 818 1875; x_wconf 85' lang='lat' dir='ltr'>exhortatione,</span> <span class='ocrx_word' id='word_1_84' title='bbox 836 1788 1072 1863; x_wconf 86' lang='lat' dir='ltr'>fidelissimus</span> <span class='ocrx_word' id='word_1_85' title='bbox 1088 1790 1124 1862; x_wconf 94' lang='lat' dir='ltr'>in</span> <span class='ocrx_word' id='word_1_86' title='bbox 1145 1792 1356 1875; x_wconf 73' lang='lat' dir='ltr'>commisso</span> <span class='ocrx_word' id='word_1_87' title='bbox 1464 1881 1468 1889; x_wconf 26' lang='grc' dir='ltr'>Ι</span> 
     </span>
     <span class='ocr_line' id='line_1_14' title="bbox 237 1896 1358 1996; baseline -0.001 -25"><span class='ocrx_word' id='word_1_88' title='bbox 237 1897 416 1996; x_wconf 90' lang='lat' dir='ltr'>providus</span> <span class='ocrx_word' id='word_1_89' title='bbox 446 1899 481 1969; x_wconf 92' lang='lat' dir='ltr'>in</span> <span class='ocrx_word' id='word_1_90' title='bbox 502 1896 667 1982; x_wconf 90' lang='lat' dir='ltr'>consilio,</span> <span class='ocrx_word' id='word_1_91' title='bbox 690 1896 726 1969; x_wconf 94' lang='lat' dir='ltr'>in</span> <span class='ocrx_word' id='word_1_92' title='bbox 752 1898 907 1994; x_wconf 85' lang='lat' dir='ltr'>negotio</span> <span class='ocrx_word' id='word_1_93' title='bbox 936 1896 1082 1978; x_wconf 85' lang='lat' dir='ltr'>efficax,</span> <span class='ocrx_word' id='word_1_94' title='bbox 1114 1896 1302 1995; x_wconf 85' lang='lat' dir='ltr'>gratiosus</span> <span class='ocrx_word' id='word_1_95' title='bbox 1323 1899 1358 1970; x_wconf 93' lang='lat' dir='ltr'>in</span> 
     </span>
     <span class='ocr_line' id='line_1_15' title="bbox 238 2003 1361 2100; baseline -0.002 -21"><span class='ocrx_word' id='word_1_96' title='bbox 238 2006 422 2079; x_wconf 89' lang='lat' dir='ltr'>omnibus.</span> <span class='ocrx_word' id='word_1_97' title='bbox 454 2005 583 2078; x_wconf 88' lang='lat' dir='ltr'>Mente</span> <span class='ocrx_word' id='word_1_98' title='bbox 612 2029 777 2088; x_wconf 69' lang='lat' dir='ltr'>serenus</span> <span class='ocrx_word' id='word_1_99' title='bbox 816 2005 942 2076; x_wconf 90' lang='lat' dir='ltr'>animo</span> <span class='ocrx_word' id='word_1_100' title='bbox 978 2003 1107 2082; x_wconf 87' lang='lat' dir='ltr'>dulcis,</span> <span class='ocrx_word' id='word_1_101' title='bbox 1144 2003 1274 2100; x_wconf 91' lang='lat' dir='ltr'>spiritu</span> <span class='ocrx_word' id='word_1_102' title='bbox 1303 2030 1361 2078; x_wconf 92' lang='lat' dir='ltr'>so-</span> 
     </span>
     <span class='ocr_line' id='line_1_16' title="bbox 238 2111 1432 2208; baseline 0.002 -23"><span class='ocrx_word' id='word_1_103' title='bbox 238 2112 349 2196; x_wconf 91' lang='lat' dir='ltr'>brius,</span> <span class='ocrx_word' id='word_1_104' title='bbox 382 2111 698 2208; x_wconf 89' lang='lat' dir='ltr'>contemplatione</span> <span class='ocrx_word' id='word_1_105' title='bbox 714 2135 928 2206; x_wconf 88' lang='lat' dir='ltr'>suspensus,</span> <span class='ocrx_word' id='word_1_106' title='bbox 946 2111 1104 2183; x_wconf 89' lang='lat' dir='ltr'>orationi</span> <span class='ocrx_word' id='word_1_107' title='bbox 1125 2111 1298 2184; x_wconf 88' lang='lat' dir='ltr'>assiduus</span> <span class='ocrx_word' id='word_1_108' title='bbox 1321 2127 1360 2185; x_wconf 89' lang='lat' dir='ltr'>et</span> <span class='ocrx_word' id='word_1_109' title='bbox 1393 2144 1432 2208; x_wconf 81' lang='lat'>15</span> 
     </span>
     <span class='ocr_line' id='line_1_17' title="bbox 238 2217 1359 2313; baseline -0.001 -21"><span class='ocrx_word' id='word_1_110' title='bbox 238 2220 274 2292; x_wconf 95' lang='lat' dir='ltr'>in</span> <span class='ocrx_word' id='word_1_111' title='bbox 304 2219 477 2293; x_wconf 89' lang='lat' dir='ltr'>omnibus</span> <span class='ocrx_word' id='word_1_112' title='bbox 506 2220 665 2290; x_wconf 76' lang='lat' dir='ltr'>fervens,</span> <span class='ocrx_word' id='word_1_113' title='bbox 698 2217 887 2290; x_wconf 88' lang='lat' dir='ltr'>Constans</span> <span class='ocrx_word' id='word_1_114' title='bbox 905 2217 1109 2313; x_wconf 88' lang='lat' dir='ltr'>proposit0,</span> <span class='ocrx_word' id='word_1_115' title='bbox 1133 2219 1268 2291; x_wconf 90' lang='lat' dir='ltr'>virtute</span> <span class='ocrx_word' id='word_1_116' title='bbox 1288 2233 1359 2291; x_wconf 88' lang='lat' dir='ltr'>sta·</span> 
     </span>
     <span class='ocr_line' id='line_1_18' title="bbox 239 2323 1359 2423; baseline -0.001 -24"><span class='ocrx_word' id='word_1_117' title='bbox 239 2326 332 2410; x_wconf 91' lang='lat' dir='ltr'>bilis,</span> <span class='ocrx_word' id='word_1_118' title='bbox 364 2325 486 2423; x_wconf 84' lang='lat' dir='ltr'>gratia</span> <span class='ocrx_word' id='word_1_119' title='bbox 513 2349 769 2420; x_wconf 67' lang='lat' dir='ltr'>perseverans</span> <span class='ocrx_word' id='word_1_120' title='bbox 801 2339 840 2396; x_wconf 89' lang='lat' dir='ltr'>et</span> <span class='ocrx_word' id='word_1_121' title='bbox 867 2323 903 2395; x_wconf 95' lang='lat' dir='ltr'>in</span> <span class='ocrx_word' id='word_1_122' title='bbox 933 2324 1107 2397; x_wconf 89' lang='lat' dir='ltr'>omnibus</span> <span class='ocrx_word' id='word_1_123' title='bbox 1127 2325 1237 2397; x_wconf 92' lang='lat' dir='ltr'>idem.</span> <span class='ocrx_word' id='word_1_124' title='bbox 1295 2326 1359 2398; x_wconf 85' lang='lat' dir='ltr'>Ad</span> 
     </span>
     <span class='ocr_line' id='line_1_19' title="bbox 238 2430 1360 2530; baseline -0.001 -24"><span class='ocrx_word' id='word_1_125' title='bbox 238 2432 510 2530; x_wconf 84' lang='lat' dir='ltr'>indulgendum</span> <span class='ocrx_word' id='word_1_126' title='bbox 533 2430 654 2515; x_wconf 88' lang='lat' dir='ltr'>velox,</span> <span class='ocrx_word' id='word_1_127' title='bbox 677 2433 725 2504; x_wconf 90' lang='lat' dir='ltr'>ad</span> <span class='ocrx_word' id='word_1_128' title='bbox 754 2430 988 2504; x_wconf 87' lang='lat' dir='ltr'>irascendum</span> <span class='ocrx_word' id='word_1_129' title='bbox 1018 2433 1157 2510; x_wconf 84' lang='lat' dir='ltr'>tardus,</span> <span class='ocrx_word' id='word_1_130' title='bbox 1188 2431 1281 2506; x_wconf 95' lang='lat' dir='ltr'>liber</span> <span class='ocrx_word' id='word_1_131' title='bbox 1309 2431 1360 2505; x_wconf 92' lang='lat' dir='ltr'>in·</span> 
     </span>
     <span class='ocr_line' id='line_1_20' title="bbox 185 2538 1447 2638; baseline -0.002 -24"><span class='ocrx_word' id='word_1_132' title='bbox 185 2633 187 2636; x_wconf 11' lang='lat' dir='ltr'>y</span> <span class='ocrx_word' id='word_1_133' title='bbox 239 2539 364 2638; x_wconf 85' lang='lat' dir='ltr'>geni0,</span> <span class='ocrx_word' id='word_1_134' title='bbox 404 2538 583 2611; x_wconf 92' lang='lat' dir='ltr'>memoria</span> <span class='ocrx_word' id='word_1_135' title='bbox 620 2538 840 2623; x_wconf 91' lang='lat' dir='ltr'>luculentus,</span> <span class='ocrx_word' id='word_1_136' title='bbox 880 2538 1024 2611; x_wconf 91' lang='lat' dir='ltr'>subtilis</span> <span class='ocrx_word' id='word_1_137' title='bbox 1061 2541 1095 2610; x_wconf 93' lang='lat' dir='ltr'>in</span> <span class='ocrx_word' id='word_1_138' title='bbox 1126 2540 1357 2623; x_wconf 90' lang='lat' dir='ltr'>disserendo,</span> <span class='ocrx_word' id='word_1_139' title='bbox 1443 2576 1447 2589; x_wconf 93' lang='lat'>·</span> 
     </span>
     <span class='ocr_line' id='line_1_21' title="bbox 240 2644 1435 2743; baseline 0.002 -23"><span class='ocrx_word' id='word_1_140' title='bbox 240 2647 532 2742; x_wconf 90' lang='lat' dir='ltr'>circumspectus</span> <span class='ocrx_word' id='word_1_141' title='bbox 561 2646 597 2717; x_wconf 91' lang='lat' dir='ltr'>in</span> <span class='ocrx_word' id='word_1_142' title='bbox 626 2645 815 2743; x_wconf 84' lang='lat' dir='ltr'>eligendo,</span> <span class='ocrx_word' id='word_1_143' title='bbox 845 2661 884 2717; x_wconf 90' lang='lat' dir='ltr'>et</span> <span class='ocrx_word' id='word_1_144' title='bbox 919 2644 955 2717; x_wconf 90' lang='lat' dir='ltr'>in</span> <span class='ocrx_word' id='word_1_145' title='bbox 985 2646 1159 2718; x_wconf 92' lang='lat' dir='ltr'>omnibus</span> <span class='ocrx_word' id='word_1_146' title='bbox 1186 2644 1356 2742; x_wconf 90' lang='lat' dir='ltr'>simplex.</span> <span class='ocrx_word' id='word_1_147' title='bbox 1389 2677 1435 2723; x_wconf 89' lang='lat'>20</span> 
     </span>
     <span class='ocr_line' id='line_1_22' title="bbox 240 2750 1357 2851; baseline -0.001 -25"><span class='ocrx_word' id='word_1_148' title='bbox 240 2753 401 2851; x_wconf 85' lang='lat' dir='ltr'>Rigidus</span> <span class='ocrx_word' id='word_1_149' title='bbox 430 2752 465 2825; x_wconf 94' lang='lat' dir='ltr'>in</span> <span class='ocrx_word' id='word_1_150' title='bbox 495 2778 546 2834; x_wconf 89' lang='lat' dir='ltr'>se,</span> <span class='ocrx_word' id='word_1_151' title='bbox 578 2752 661 2848; x_wconf 87' lang='lat' dir='ltr'>pius</span> <span class='ocrx_word' id='word_1_152' title='bbox 698 2752 734 2824; x_wconf 94' lang='lat' dir='ltr'>in</span> <span class='ocrx_word' id='word_1_153' title='bbox 771 2750 863 2834; x_wconf 86' lang='lat' dir='ltr'>aliis,</span> <span class='ocrx_word' id='word_1_154' title='bbox 895 2752 1078 2825; x_wconf 89' lang='lat' dir='ltr'>discretus</span> <span class='ocrx_word' id='word_1_155' title='bbox 1107 2752 1143 2825; x_wconf 95' lang='lat' dir='ltr'>in</span> <span class='ocrx_word' id='word_1_156' title='bbox 1173 2752 1357 2825; x_wconf 76' lang='lat' dir='ltr'>omnibus,</span> 
     </span>
     <span class='ocr_line' id='line_1_23' title="bbox 244 2857 1356 2944; baseline -0.001 -11"><span class='ocrx_word' id='word_1_157' title='bbox 244 2862 363 2933; x_wconf 82' lang='lat' dir='ltr'>Homo</span> <span class='ocrx_word' id='word_1_158' title='bbox 389 2861 562 2931; x_wconf 75' lang='lat' dir='ltr'>extortor.</span> <span class='ocrx_word' id='word_1_159' title='bbox 621 2857 927 2931; x_wconf 88' lang='lat' dir='ltr'>Facundissimus</span> <span class='ocrx_word' id='word_1_160' title='bbox 954 2859 1078 2941; x_wconf 75' lang='lat' dir='ltr'>homo</span> <span class='ocrx_word' id='word_1_161' title='bbox 1098 2860 1191 2933; x_wconf 82' lang='lat' dir='ltr'>facie</span> <span class='ocrx_word' id='word_1_162' title='bbox 1221 2859 1356 2944; x_wconf 90' lang='lat' dir='ltr'>hilaris,</span> 
     </span>
     <span class='ocr_line' id='line_1_24' title="bbox 239 2964 1356 3063; baseline 0 -24"><span class='ocrx_word' id='word_1_163' title='bbox 239 2969 342 3040; x_wconf 91' lang='lat' dir='ltr'>vultu</span> <span class='ocrx_word' id='word_1_164' title='bbox 361 2966 560 3063; x_wconf 85' lang='lat' dir='ltr'>benignus,</span> <span class='ocrx_word' id='word_1_165' title='bbox 577 2964 751 3037; x_wconf 90' lang='lat' dir='ltr'>immunis</span> <span class='ocrx_word' id='word_1_166' title='bbox 771 2965 954 3063; x_wconf 86' lang='lat' dir='ltr'>ignaviae,</span> <span class='ocrx_word' id='word_1_167' title='bbox 974 2966 1195 3039; x_wconf 88' lang='lat' dir='ltr'>insolentiae</span> <span class='ocrx_word' id='word_1_168' title='bbox 1209 2992 1356 3062; x_wconf 86' lang='lat' dir='ltr'>expers.</span> 
     </span>
     <span class='ocr_line' id='line_1_25' title="bbox 240 3071 1359 3169; baseline 0.002 -24"><span class='ocrx_word' id='word_1_169' title='bbox 240 3075 391 3147; x_wconf 88' lang='lat' dir='ltr'>Statura</span> <span class='ocrx_word' id='word_1_170' title='bbox 419 3071 628 3155; x_wconf 88' lang='lat' dir='ltr'>mediocris,</span> <span class='ocrx_word' id='word_1_171' title='bbox 656 3072 830 3168; x_wconf 88' lang='lat' dir='ltr'>parvitati</span> <span class='ocrx_word' id='word_1_172' title='bbox 848 3071 1014 3155; x_wconf 90' lang='lat' dir='ltr'>vicinior,</span> <span class='ocrx_word' id='word_1_173' title='bbox 1037 3090 1150 3169; x_wconf 90' lang='lat' dir='ltr'>caput</span> <span class='ocrx_word' id='word_1_174' title='bbox 1171 3074 1359 3147; x_wconf 88' lang='lat' dir='ltr'>mediocre</span> 
     </span>
     <span class='ocr_line' id='line_1_26' title="bbox 238 3178 1429 3281; baseline -0.002 -27"><span class='ocrx_word' id='word_1_175' title='bbox 238 3207 283 3254; x_wconf 90' lang='lat' dir='ltr'>ac</span> <span class='ocrx_word' id='word_1_176' title='bbox 311 3181 523 3262; x_wconf 92' lang='lat' dir='ltr'>rotundum,</span> <span class='ocrx_word' id='word_1_177' title='bbox 556 3178 670 3252; x_wconf 81' lang='lat' dir='ltr'>iacies</span> <span class='ocrx_word' id='word_1_178' title='bbox 698 3194 901 3275; x_wconf 91' lang='lat' dir='ltr'>utcumque</span> <span class='ocrx_word' id='word_1_179' title='bbox 927 3178 1093 3277; x_wconf 85' lang='lat' dir='ltr'>oblonga</span> <span class='ocrx_word' id='word_1_180' title='bbox 1112 3197 1150 3252; x_wconf 91' lang='lat' dir='ltr'>et</span> <span class='ocrx_word' id='word_1_181' title='bbox 1168 3196 1357 3277; x_wconf 88' lang='lat' dir='ltr'>protensa,</span> <span class='ocrx_word' id='word_1_182' title='bbox 1388 3216 1429 3281; x_wconf 81' lang='lat'>25</span> 
     </span>
     <span class='ocr_line' id='line_1_27' title="bbox 240 3284 1359 3385; baseline 0 -25"><span class='ocrx_word' id='word_1_183' title='bbox 240 3289 341 3360; x_wconf 89' lang='lat' dir='ltr'>srons</span> <span class='ocrx_word' id='word_1_184' title='bbox 360 3286 472 3385; x_wconf 92' lang='lat' dir='ltr'>plana</span> <span class='ocrx_word' id='word_1_185' title='bbox 490 3302 529 3357; x_wconf 93' lang='lat' dir='ltr'>et</span> <span class='ocrx_word' id='word_1_186' title='bbox 549 3311 674 3381; x_wconf 91' lang='lat' dir='ltr'>parva,</span> <span class='ocrx_word' id='word_1_187' title='bbox 706 3284 916 3359; x_wconf 89' lang='lat' dir='ltr'>mediocres</span> <span class='ocrx_word' id='word_1_188' title='bbox 945 3284 1053 3368; x_wconf 87' lang='lat' dir='ltr'>oculi,</span> <span class='ocrx_word' id='word_1_189' title='bbox 1084 3287 1182 3385; x_wconf 87' lang='lat' dir='ltr'>nigri</span> <span class='ocrx_word' id='word_1_190' title='bbox 1210 3302 1248 3359; x_wconf 92' lang='lat' dir='ltr'>et</span> <span class='ocrx_word' id='word_1_191' title='bbox 1276 3286 1359 3360; x_wconf 92' lang='lat' dir='ltr'>sim·</span> 
     </span>
     <span class='ocr_line' id='line_1_28' title="bbox 239 3391 1356 3492; baseline -0.001 -26"><span class='ocrx_word' id='word_1_192' title='bbox 239 3393 364 3492; x_wconf 89' lang='lat' dir='ltr'>plices,</span> <span class='ocrx_word' id='word_1_193' title='bbox 387 3392 479 3465; x_wconf 88' lang='lat' dir='ltr'>fusci</span> <span class='ocrx_word' id='word_1_194' title='bbox 499 3391 631 3489; x_wconf 90' lang='lat' dir='ltr'>capilli,</span> <span class='ocrx_word' id='word_1_195' title='bbox 663 3391 860 3488; x_wconf 89' lang='lat' dir='ltr'>supercilia</span> <span class='ocrx_word' id='word_1_196' title='bbox 894 3409 1006 3477; x_wconf 89' lang='lat' dir='ltr'>recta,</span> <span class='ocrx_word' id='word_1_197' title='bbox 1039 3419 1151 3466; x_wconf 90' lang='lat' dir='ltr'>nasus</span> <span class='ocrx_word' id='word_1_198' title='bbox 1179 3393 1356 3490; x_wconf 88' lang='lat' dir='ltr'>aequalis,</span> 
     </span>
     <span class='ocr_line' id='line_1_29' title="bbox 239 3500 1361 3599; baseline -0.001 -25"><span class='ocrx_word' id='word_1_199' title='bbox 239 3500 383 3574; x_wconf 91' lang='lat' dir='ltr'>subtilis</span> <span class='ocrx_word' id='word_1_200' title='bbox 412 3516 450 3573; x_wconf 90' lang='lat' dir='ltr'>et</span> <span class='ocrx_word' id='word_1_201' title='bbox 475 3517 610 3584; x_wconf 77' lang='lat' dir='ltr'>rectuS,</span> <span class='ocrx_word' id='word_1_202' title='bbox 632 3525 742 3572; x_wconf 88' lang='lat' dir='ltr'>aures</span> <span class='ocrx_word' id='word_1_203' title='bbox 761 3516 910 3573; x_wconf 89' lang='lat' dir='ltr'>erectae</span> <span class='ocrx_word' id='word_1_204' title='bbox 930 3501 998 3572; x_wconf 90' lang='lat' dir='ltr'>sed</span> <span class='ocrx_word' id='word_1_205' title='bbox 1017 3526 1166 3596; x_wconf 89' lang='lat' dir='ltr'>parvae,</span> <span class='ocrx_word' id='word_1_206' title='bbox 1189 3517 1361 3599; x_wconf 87' lang='lat' dir='ltr'>tempora</span> 
     </span>
     <span class='ocr_line' id='line_1_30' title="bbox 238 3604 1360 3705; baseline -0.001 -24"><span class='ocrx_word' id='word_1_207' title='bbox 238 3609 360 3705; x_wconf 89' lang='lat' dir='ltr'>plana,</span> <span class='ocrx_word' id='word_1_208' title='bbox 392 3607 521 3704; x_wconf 84' lang='lat' dir='ltr'>lingua</span> <span class='ocrx_word' id='word_1_209' title='bbox 549 3604 751 3702; x_wconf 89' lang='lat' dir='ltr'>placabilis,</span> <span class='ocrx_word' id='word_1_210' title='bbox 784 3606 898 3704; x_wconf 84' lang='lat' dir='ltr'>ignea</span> <span class='ocrx_word' id='word_1_211' title='bbox 925 3624 964 3679; x_wconf 90' lang='lat' dir='ltr'>et</span> <span class='ocrx_word' id='word_1_212' title='bbox 996 3625 1115 3689; x_wconf 91' lang='lat' dir='ltr'>acuta,</span> <span class='ocrx_word' id='word_1_213' title='bbox 1147 3633 1221 3679; x_wconf 84' lang='lat' dir='ltr'>vox</span> <span class='ocrx_word' id='word_1_214' title='bbox 1250 3608 1360 3680; x_wconf 91' lang='lat' dir='ltr'>vehe-</span> 
     </span>
     <span class='ocr_line' id='line_1_31' title="bbox 240 3713 1434 3815; baseline 0 -29"><span class='ocrx_word' id='word_1_215' title='bbox 240 3741 356 3798; x_wconf 76' lang='lat' dir='ltr'>menS,</span> <span class='ocrx_word' id='word_1_216' title='bbox 388 3713 516 3796; x_wconf 88' lang='lat' dir='ltr'>dulcis,</span> <span class='ocrx_word' id='word_1_217' title='bbox 548 3713 648 3787; x_wconf 87' lang='lat' dir='ltr'>clara</span> <span class='ocrx_word' id='word_1_218' title='bbox 675 3728 790 3809; x_wconf 90' lang='lat' dir='ltr'>atque</span> <span class='ocrx_word' id='word_1_219' title='bbox 818 3738 964 3798; x_wconf 89' lang='lat' dir='ltr'>sonora,</span> <span class='ocrx_word' id='word_1_220' title='bbox 997 3714 1129 3786; x_wconf 89' lang='lat' dir='ltr'>dentes</span> <span class='ocrx_word' id='word_1_221' title='bbox 1158 3713 1356 3798; x_wconf 90' lang='lat' dir='ltr'>coniuncti,</span> <span class='ocrx_word' id='word_1_222' title='bbox 1388 3749 1434 3815; x_wconf 82' lang='lat'>30</span> 
     </span>
     <span class='ocr_line' id='line_1_32' title="bbox 238 3819 1379 3918; baseline -0.003 -23"><span class='ocrx_word' id='word_1_223' title='bbox 238 3819 417 3918; x_wconf 87' lang='lat' dir='ltr'>aequales</span> <span class='ocrx_word' id='word_1_224' title='bbox 445 3838 483 3893; x_wconf 90' lang='lat' dir='ltr'>et</span> <span class='ocrx_word' id='word_1_225' title='bbox 510 3819 593 3903; x_wconf 88' lang='lat' dir='ltr'>albi,</span> <span class='ocrx_word' id='word_1_226' title='bbox 627 3819 774 3892; x_wconf 91' lang='lat' dir='ltr'>modica</span> <span class='ocrx_word' id='word_1_227' title='bbox 793 3820 891 3893; x_wconf 85' lang='lat' dir='ltr'>labia</span> <span class='ocrx_word' id='word_1_228' title='bbox 910 3835 1024 3916; x_wconf 88' lang='lat' dir='ltr'>atque</span> <span class='ocrx_word' id='word_1_229' title='bbox 1052 3820 1211 3905; x_wconf 90' lang='lat' dir='ltr'>subtilia,</span> <span class='ocrx_word' id='word_1_230' title='bbox 1240 3821 1379 3893; x_wconf 72' lang='lat' dir='ltr'>&#39;barba-</span> 
     </span>
    </p>
   </div>
   <div class='ocr_carea' id='block_1_3' title="bbox 239 4042 1363 4517">
    <p class='ocr_par' dir='ltr' id='par_1_3' title="bbox 239 4042 1363 4517">
     <span class='ocr_line' id='line_1_33' title="bbox 311 4042 1361 4119; baseline -0.004 -16"><span class='ocrx_word' id='word_1_231' title='bbox 311 4042 437 4103; x_wconf 79' lang='lat' dir='ltr'>ano&#39;r.</span> <span class='ocrx_word' id='word_1_232' title='bbox 454 4048 539 4119; x_wconf 82' lang='lat' dir='ltr'>gratia</span> <span class='ocrx_word' id='word_1_233' title='bbox 615 4064 636 4115; x_wconf 84' lang='lat'>3.</span> <span class='ocrx_word' id='word_1_234' title='bbox 651 4047 699 4100; x_wconf 79' lang='lat' dir='ltr'>As</span> <span class='ocrx_word' id='word_1_235' title='bbox 709 4045 800 4099; x_wconf 86' lang='lat' dir='ltr'>delere</span> <span class='ocrx_word' id='word_1_236' title='bbox 872 4062 897 4111; x_wconf 82' lang='grc'>4.</span> <span class='ocrx_word' id='word_1_237' title='bbox 909 4047 1000 4117; x_wconf 84' lang='lat' dir='ltr'>saepe]</span> <span class='ocrx_word' id='word_1_238' title='bbox 1017 4048 1052 4101; x_wconf 86' lang='lat' dir='ltr'>Os</span> <span class='ocrx_word' id='word_1_239' title='bbox 1064 4049 1228 4118; x_wconf 86' lang='lat' dir='ltr'>quandoque</span> <span class='ocrx_word' id='word_1_240' title='bbox 1301 4046 1361 4113; x_wconf 71' lang='lat' dir='ltr'>oll</span> 
     </span>
     <span class='ocr_line' id='line_1_34' title="bbox 239 4126 1361 4199; baseline -0.003 -17"><span class='ocrx_word' id='word_1_241' title='bbox 239 4129 378 4199; x_wconf 84' lang='lat' dir='ltr'>flagrantia</span> <span class='ocrx_word' id='word_1_242' title='bbox 404 4128 575 4182; x_wconf 83' lang='lat' dir='ltr'>obedientiae</span> <span class='ocrx_word' id='word_1_243' title='bbox 665 4142 704 4180; x_wconf 85' lang='lat' dir='ltr'>ro.</span> <span class='ocrx_word' id='word_1_244' title='bbox 726 4126 865 4196; x_wconf 88' lang='lat' dir='ltr'>concordi]</span> <span class='ocrx_word' id='word_1_245' title='bbox 893 4128 914 4182; x_wconf 86' lang='lat' dir='ltr'><em>R</em></span> <span class='ocrx_word' id='word_1_246' title='bbox 930 4127 1018 4179; x_wconf 87' lang='lat' dir='ltr'>cordis</span> <span class='ocrx_word' id='word_1_247' title='bbox 1108 4143 1147 4179; x_wconf 91' lang='lat'>12.</span> <span class='ocrx_word' id='word_1_248' title='bbox 1168 4128 1189 4180; x_wconf 87' lang='lat' dir='ltr'><em>P</em></span> <span class='ocrx_word' id='word_1_249' title='bbox 1207 4127 1361 4180; x_wconf 82' lang='lat' dir='ltr'>hortatione</span> 
     </span>
     <span class='ocr_line' id='line_1_35' title="bbox 242 4204 1362 4280; baseline -0.004 -17"><span class='ocrx_word' id='word_1_250' title='bbox 242 4225 281 4278; x_wconf 77' lang='lat'>13·</span> <span class='ocrx_word' id='word_1_251' title='bbox 310 4208 345 4261; x_wconf 88' lang='lat' dir='ltr'><em>W</em></span> <span class='ocrx_word' id='word_1_252' title='bbox 368 4210 482 4280; x_wconf 83' lang='lat' dir='ltr'>pavidus</span> <span class='ocrx_word' id='word_1_253' title='bbox 538 4209 562 4261; x_wconf 89' lang='grc' dir='ltr'><em>Ε</em></span> <span class='ocrx_word' id='word_1_254' title='bbox 589 4209 706 4276; x_wconf 84' lang='lat' dir='ltr'>negotiis</span> <span class='ocrx_word' id='word_1_255' title='bbox 802 4204 894 4274; x_wconf 82' lang='lat'>15-16.</span> <span class='ocrx_word' id='word_1_256' title='bbox 923 4208 970 4261; x_wconf 80' lang='lat' dir='ltr'>AS</span> <span class='ocrx_word' id='word_1_257' title='bbox 996 4225 1043 4259; x_wconf 87' lang='lat' dir='ltr'>om.</span> <span class='ocrx_word' id='word_1_258' title='bbox 1072 4206 1362 4276; x_wconf 82' lang='lat' dir='ltr'>suspensus-virture</span> 
     </span>
     <span class='ocr_line' id='line_1_36' title="bbox 242 4286 1362 4358; baseline -0.001 -18"><span class='ocrx_word' id='word_1_259' title='bbox 242 4291 280 4342; x_wconf 83' lang='lat'>18.</span> <span class='ocrx_word' id='word_1_260' title='bbox 300 4290 342 4351; x_wconf 88' lang='lat' dir='ltr'>M,</span> <span class='ocrx_word' id='word_1_261' title='bbox 366 4290 407 4343; x_wconf 83' lang='lat' dir='ltr'>Ox</span> <span class='ocrx_word' id='word_1_262' title='bbox 425 4287 622 4358; x_wconf 78' lang='lat' dir='ltr'>indulgentiam</span> <span class='ocrx_word' id='word_1_263' title='bbox 699 4304 737 4353; x_wconf 76' lang='grc' dir='ltr'>ιφ.</span> <span class='ocrx_word' id='word_1_264' title='bbox 758 4288 788 4340; x_wconf 89' lang='lat' dir='ltr'><em>H</em></span> <span class='ocrx_word' id='word_1_265' title='bbox 798 4287 826 4340; x_wconf 88' lang='lat' dir='ltr'>in</span> <span class='ocrx_word' id='word_1_266' title='bbox 845 4286 979 4339; x_wconf 83' lang='lat' dir='ltr'>desiderio</span> <span class='ocrx_word' id='word_1_267' title='bbox 1052 4302 1093 4353; x_wconf 80' lang='lat'>25.</span> <span class='ocrx_word' id='word_1_268' title='bbox 1113 4287 1166 4351; x_wconf 81' lang='lat' dir='ltr'>AS,</span> <span class='ocrx_word' id='word_1_269' title='bbox 1187 4287 1216 4340; x_wconf 86' lang='lat' dir='ltr'><em>H</em></span> <span class='ocrx_word' id='word_1_270' title='bbox 1237 4287 1362 4355; x_wconf 86' lang='lat' dir='ltr'>utrinque</span> 
     </span>
     <span class='ocr_line' id='line_1_37' title="bbox 239 4366 1363 4439; baseline -0.004 -18"><span class='ocrx_word' id='word_1_271' title='bbox 239 4369 432 4439; x_wconf 82' lang='lat' dir='ltr'>Mutrumque</span> <span class='ocrx_word' id='word_1_272' title='bbox 506 4366 547 4421; x_wconf 84' lang='lat'>26.</span> <span class='ocrx_word' id='word_1_273' title='bbox 570 4368 611 4421; x_wconf 78' lang='lat' dir='ltr'>Ox</span> <span class='ocrx_word' id='word_1_274' title='bbox 630 4366 718 4421; x_wconf 79' lang='lat' dir='ltr'>fronte</span> <span class='ocrx_word' id='word_1_275' title='bbox 792 4368 834 4421; x_wconf 81' lang='lat'>28.</span> <span class='ocrx_word' id='word_1_276' title='bbox 851 4367 885 4422; x_wconf 85' lang='lat' dir='ltr'>Os</span> <span class='ocrx_word' id='word_1_277' title='bbox 899 4378 988 4420; x_wconf 81' lang='lat' dir='ltr'>rectae</span> <span class='ocrx_word' id='word_1_278' title='bbox 1067 4382 1109 4437; x_wconf 82' lang='lat'>²9·</span> <span class='ocrx_word' id='word_1_279' title='bbox 1123 4367 1213 4438; x_wconf 86' lang='lat' dir='ltr'>ignea]</span> <span class='ocrx_word' id='word_1_280' title='bbox 1229 4367 1259 4421; x_wconf 70' lang='lat' dir='ltr'>,tl</span> <span class='ocrx_word' id='word_1_281' title='bbox 1274 4367 1363 4419; x_wconf 77' lang='lat' dir='ltr'>tenuis</span> 
     </span>
     <span class='ocr_line' id='line_1_38' title="bbox 241 4447 516 4517; baseline -0.015 -14"><span class='ocrx_word' id='word_1_282' title='bbox 241 4463 281 4517; x_wconf 85' lang='lat'>31.</span> <span class='ocrx_word' id='word_1_283' title='bbox 301 4449 330 4502; x_wconf 88' lang='lat' dir='ltr'><em>H</em></span> <span class='ocrx_word' id='word_1_284' title='bbox 348 4467 397 4502; x_wconf 86' lang='lat' dir='ltr'>om.</span> <span class='ocrx_word' id='word_1_285' title='bbox 416 4461 442 4503; x_wconf 85' lang='lat' dir='ltr'>et</span> <span class='ocrx_word' id='word_1_286' title='bbox 463 4447 516 4501; x_wconf 87' lang='lat' dir='ltr'>albi</span> 
     </span>
    </p>
   </div>
   <div class='ocr_carea' id='block_1_4' title="bbox 0 0 1583 4875">
    <p class='ocr_par' dir='ltr' id='par_1_4' title="bbox 0 0 1583 4875">
     <span class='ocr_line' id='line_1_39' title="bbox 0 0 1583 4875; baseline 0 0"><span class='ocrx_word' id='word_1_287' title='bbox 0 0 1583 4875; x_wconf 95' lang='lat' dir='ltr'> </span> 
     </span>
    </p>
   </div>
  </div>
 </body>
</html>
