3142 4875
246 288 318 337 120
638 290 809 340 LEGENDA
838 293 950 341 PRIMA

237 525 287 597 Et
297 524 447 621 quidem
459 524 623 598 indicare
637 524 754 597 voluit
769 551 879 597 verus
897 526 1006 598 Pater
1022 525 1356 599 misericordiarum

237 650 378 728 quanto
391 631 558 728 praemio
577 631 716 730 dignus
731 630 789 715 sit,
811 633 874 728 qui
890 658 975 704 eum
996 631 1153 731 diligere
1173 633 1357 706 studuerit

223 754 317 811 toto
346 740 469 820 corde,
500 754 541 811 ut
570 739 605 811 in
639 738 822 834 superiori
851 738 991 812 scilicet
1019 764 1062 815 ac
1091 738 1160 811 sibi
1190 738 1356 812 viciniori

237 844 565 942 supercaelestium
598 845 794 943 spirituum
827 845 958 919 ordine
992 845 1204 924 collocetur.
1263 847 1358 918 Ala-

237 978 324 1023 rum
352 954 541 1047 expositio.
613 952 726 1046 Quod
756 952 887 1048 utique
919 951 1172 1025 indubitanter
1199 953 1355 1050 adipisci
1390 982 1405 1044 5

237 1058 452 1155 poterimus
484 1060 514 1130 si
536 1084 638 1132 more
659 1058 855 1155 Seraphim
872 1059 966 1131 duas
985 1057 1063 1131 alas
1077 1059 1356 1133 extenderimus

236 1190 349 1260 supra
364 1181 486 1261 caput,
504 1166 687 1239 habentes
702 1164 884 1248 videlicet,
903 1164 1002 1237 beati
1022 1166 1053 1237 F
1055 1165 1211 1238 rancisci
1231 1192 1357 1240 exem-

236 1271 308 1368 plo,
341 1271 377 1343 in
406 1271 506 1345 omni
536 1296 652 1369 opere
677 1273 778 1345 bono
798 1270 1042 1345 intentionem
1061 1298 1192 1368 puram
1212 1290 1250 1346 et
1269 1299 1356 1371 ope·

236 1378 418 1450 rationem
448 1398 598 1464 rectam,
630 1395 668 1452 et
697 1379 767 1451 hiis
790 1378 940 1452 directis
960 1379 1009 1451 ad
1038 1379 1174 1464 Deum,
1198 1379 1265 1453 soli
1286 1380 1355 1453 sibi

236 1485 385 1581 placere
401 1485 436 1557 in
453 1486 626 1558 omnibus
644 1485 922 1583 infatigabiliter
941 1484 1203 1559 studuerimus.
1247 1487 1356 1581 Quae
1390 1513 1429 1557 10

236 1593 283 1663 ad
300 1593 498 1664 velandum
515 1608 627 1689 caput
648 1592 860 1664 necessario
880 1591 1167 1689 coniunguntur,
1190 1594 1277 1690 quia
1298 1619 1357 1667 re·

236 1697 453 1771 ctitudinem
482 1699 608 1796 operis
649 1700 793 1796 absque
821 1698 982 1796 puritate
1011 1698 1236 1783 intentionis,
1268 1717 1306 1772 et
1333 1727 1355 1772 e

236 1830 428 1885 converso,
469 1807 579 1878 Pater
619 1805 799 1878 luminum
836 1804 987 1878 minime
1021 1806 1243 1903 acceptabit,
1273 1805 1355 1904 ipso

236 1911 409 1985 dicente:
439 1911 478 1984 Si
507 1912 637 1985 oculus
655 1929 742 1985 tuus
760 1913 870 1986 luerit
888 1911 1057 2010 simplex,
1080 1930 1199 1984 totum
1220 1939 1356 2010 corpus

234 2035 339 2091 tuum
368 2018 531 2092 lucidum
568 2018 645 2103 erit,
678 2018 708 2091 si
737 2034 863 2092 autem
894 2044 1054 2115 nequam
1084 2019 1203 2102 luerit,
1235 2036 1353 2092 totum
1389 2052 1427 2115 15

235 2150 370 2223 corpus
398 2126 638 2199 tenebrosum
670 2125 750 2199 erit.
820 2125 962 2199 Oculus
1000 2150 1163 2222 namque
1196 2125 1354 2223 simplex

236 2258 310 2304 non
339 2248 396 2304 est
425 2233 487 2328 qui
518 2258 592 2307 non
634 2233 736 2305 videt
764 2233 865 2329 quod
894 2249 952 2305 est
980 2233 1206 2316 videndum,
1226 2234 1354 2332 cogni-

234 2339 336 2411 tione
364 2339 531 2412 veritatis
560 2364 702 2426 carens,
719 2356 784 2411 aut
803 2339 904 2437 quod
926 2365 1000 2412 non
1019 2339 1223 2412 videndum
1245 2342 1355 2412 fuerit

234 2444 409 2532 intuetur,
440 2448 685 2520 intentionem
712 2472 845 2543 puram
866 2472 940 2519 non
960 2447 1113 2520 habens.
1173 2448 1212 2520 ln
1233 2448 1354 2544 primo

199 2633 201 2636 ,
235 2577 309 2625 non
325 2552 531 2649 simplicem
543 2554 610 2625 sed
630 2579 794 2636 caecum,
812 2553 848 2625 in
870 2555 1036 2626 secundo
1052 2578 1211 2650 nequam
1232 2553 1352 2652 ipsum
1384 2583 1428 2629 20

232 2675 362 2755 aperta
390 2660 484 2733 ratio
513 2659 701 2732 iudicabit.
760 2661 911 2733 Pennae
938 2661 1068 2734 harum
1097 2660 1239 2734 alarum
1267 2677 1354 2734 sunt

233 2791 339 2838 amor
359 2767 476 2839 Patris
496 2766 672 2838 salvantis
693 2766 991 2850 misericorditer,
1013 2784 1052 2840 et
1069 2767 1181 2840 timor
1200 2767 1352 2840 Domini

232 2872 428 2946 iudicantis
452 2871 675 2958 terribiliter,
706 2898 804 2970 quae
823 2873 969 2946 animos
998 2873 1213 2959 electorum,
1235 2876 1354 2948 malos

231 2978 470 3075 reprimendo
500 2996 624 3053 motus
651 2995 690 3052 et
719 2997 842 3053 castos
871 2980 1080 3053 ordinando
1099 2981 1264 3065 affectus,
1286 2983 1353 3054 de-

231 3086 322 3158 bent
349 3087 580 3183 suspendere
608 3113 631 3160 a
658 3087 826 3160 terrenis.
895 3087 1054 3160 Duabus
1095 3113 1246 3183 quoque
1285 3087 1353 3160 alis
1383 3115 1423 3179 25

231 3192 432 3265 volandum
461 3211 518 3266 est
547 3195 594 3266 ad
629 3195 919 3290 impendendam
957 3193 1142 3291 duplicem
1181 3195 1352 3290 proximo

232 3300 461 3384 charitatem,
493 3300 695 3373 reficiendo
723 3300 897 3373 videlicet
928 3301 1092 3374 animam
1120 3302 1236 3373 verbo
1264 3301 1348 3386 Dei,

232 3423 269 3478 et
298 3432 432 3503 corpus
461 3424 610 3480 terreno
630 3408 796 3480 subsidio
816 3408 1071 3480 sustentando
1131 3408 1241 3502 Quae
1269 3407 1351 3481 alae

305 3650 326 3688 t.
348 3635 382 3689 Os
401 3635 508 3688 Etenim
524 3634 577 3687 ind.
594 3634 648 3689 vol.
665 3651 742 3687 verus
758 3649 857 3704 pastor,
873 3648 947 3703 pater
1021 3651 1043 3687 2.
1062 3635 1096 3688 0,-
1111 3635 1211 3686 studuit
1287 3651 1309 3704 ς.
1324 3634 1354 3687 H

230 3734 277 3767 0:11.
294 3715 344 3768 sibi
395 3716 531 3783 viciniori]
552 3715 596 3768 AS
615 3717 728 3768 memori
804 3730 860 3784 3-4.
883 3715 917 3769 Os
933 3732 989 3782 sup.
1010 3714 1074 3767 loco
1093 3714 1152 3767 scil.
1171 3731 1202 3767 ac
1220 3714 1268 3766 sibi
1287 3715 1351 3766 vici·

229 3799 289 3847 nior
306 3811 364 3866 sup.
385 3796 453 3850 cael.
472 3797 601 3848 virtutum
621 3794 745 3848 ordinem
819 3810 882 3862 4-5.
902 3796 924 3848 B
942 3794 1064 3847 Aliarum
1145 3810 1167 3863 7.
1188 3795 1247 3859 AS,
1267 3795 1308 3855 H,
1330 3793 1350 3846 ll

229 3892 309 3945 super
353 3876 383 3929 H
394 3894 442 3929 om,
457 3876 581 3928 videlicet
653 3874 832 3944 9ASom.et
908 3874 1077 3938 10.LQuol
1155 3891 1192 3928 11.
1208 3875 1352 3938 AS,Ere·

228 3956 375 4008 velandum
453 3971 490 4023 13.
511 3955 584 4025 ipso]
604 3955 651 4008 AS
665 3956 726 4007 ideo
803 3956 1047 4021 15.Rom.tuum
1104 3955 1352 4024 Bautemcorpus

228 4045 305 4088 tuum
325 4053 384 4107 neq.
462 4033 502 4088 16,
522 4035 579 4096 As,
596 4036 632 4099 E,
652 4034 682 4088 H
698 4051 770 4104 corp.
788 4048 865 4088 tuum
885 4048 928 4088 ten
993 4035 1123 4104 namque]
1145 4036 1196 4098 As,
1218 4035 1241 4088 Ε
1259 4047 1350 4087 autem

232 4115 323 4183 17-18.
342 4115 383 4169 Ox
400 4115 563 4183 cognitionis
579 4116 690 4168 veritate
767 4117 805 4168 18.
820 4129 864 4168 aut
878 4115 963 4186 quod]
980 4115 1085 4185 Equod
1098 4129 1189 4168 autem
1241 4114 1288 4168 As
1302 4112 1350 4166 suit

230 4195 665 4259 21.AS,E‚Os,0xindicabit
733 4195 819 4249 22.H
832 4214 880 4248 om.
896 4208 922 4249 et
955 4195 1043 4248 RDei
1111 4195 1350 4263 23.A5,Emira·

228 4273 316 4326 bilitet
365 4275 446 4342 quae]
466 4277 508 4328 Oc
523 4277 594 4345 quod
647 4276 691 4329 As
705 4275 750 4346 qui
766 4275 792 4328 in
808 4275 906 4328 animis
980 4274 1021 4329 26.
1043 4276 1078 4330 Os
1097 4274 1308 4344 impendendum
1328 4283 1350 4327 et

230 4368 277 4403 om.
297 4351 432 4420 duplicent
