<?xml version="1.0" encoding="UTF-8"?>
<!DOCTYPE html PUBLIC "-//W3C//DTD XHTML 1.0 Transitional//EN"
    "http://www.w3.org/TR/xhtml1/DTD/xhtml1-transitional.dtd">
<html xmlns="http://www.w3.org/1999/xhtml" xml:lang="en" lang="en">
 <head>
  <title>
</title>
<meta http-equiv="Content-Type" content="text/html;charset=utf-8" />
  <meta name='ocr-system' content='tesseract 3.04.00' />
  <meta name='ocr-capabilities' content='ocr_page ocr_carea ocr_par ocr_line ocrx_word'/>
</head>
<body>
  <div class='ocr_page' id='page_1' title='image "./sfrancisciassis00dogoog_0253.png"; bbox 0 0 3142 4875; ppageno 0'>
   <div class='ocr_carea' id='block_1_1' title="bbox 516 343 1305 415">
    <p class='ocr_par' dir='ltr' id='par_1_1' title="bbox 516 343 1305 415">
     <span class='ocr_line' id='line_1_1' title="bbox 516 343 1305 415; baseline -0.001 -20"><span class='ocrx_word' id='word_1_1' title='bbox 516 366 518 371; x_wconf 48' lang='lat'>‘</span> <span class='ocrx_word' id='word_1_2' title='bbox 587 347 691 396; x_wconf 76' lang='lat' dir='ltr'>Bun&#39;tt</span> <span class='ocrx_word' id='word_1_3' title='bbox 722 346 907 395; x_wconf 76' lang='lat' dir='ltr'>t‘Rnthsct</span> <span class='ocrx_word' id='word_1_4' title='bbox 1235 343 1305 415; x_wconf 79' lang='lat'>157</span> 
     </span>
    </p>
   </div>
   <div class='ocr_carea' id='block_1_2' title="bbox 110 575 1344 3872">
    <p class='ocr_par' dir='ltr' id='par_1_2' title="bbox 187 575 1308 988">
     <span class='ocr_line' id='line_1_2' title="bbox 187 575 1308 663; baseline -0.002 -17"><span class='ocrx_word' id='word_1_5' title='bbox 187 580 238 646; x_wconf 91' lang='lat' dir='ltr'>De</span> <span class='ocrx_word' id='word_1_6' title='bbox 264 576 396 644; x_wconf 89' lang='lat' dir='ltr'>muliere</span> <span class='ocrx_word' id='word_1_7' title='bbox 423 576 509 642; x_wconf 88' lang='lat' dir='ltr'>bona</span> <span class='ocrx_word' id='word_1_8' title='bbox 537 576 588 643; x_wconf 90' lang='lat' dir='ltr'>cui</span> <span class='ocrx_word' id='word_1_9' title='bbox 614 575 770 663; x_wconf 84' lang='lat' dir='ltr'>praedixit</span> <span class='ocrx_word' id='word_1_10' title='bbox 799 576 901 642; x_wconf 89' lang='lat' dir='ltr'>virum</span> <span class='ocrx_word' id='word_1_11' title='bbox 929 598 1025 644; x_wconf 90' lang='lat' dir='ltr'>suum</span> <span class='ocrx_word' id='word_1_12' title='bbox 1053 577 1092 645; x_wconf 92' lang='lat' dir='ltr'>de</span> <span class='ocrx_word' id='word_1_13' title='bbox 1121 577 1208 646; x_wconf 88' lang='lat' dir='ltr'>malo</span> <span class='ocrx_word' id='word_1_14' title='bbox 1240 577 1308 645; x_wconf 85' lang='lat' dir='ltr'>fieri</span> 
     </span>
     <span class='ocr_line' id='line_1_3' title="bbox 253 681 1308 771; baseline 0.002 -19"><span class='ocrx_word' id='word_1_15' title='bbox 253 684 387 763; x_wconf 88' lang='lat' dir='ltr'>bonum,</span> <span class='ocrx_word' id='word_1_16' title='bbox 417 703 449 750; x_wconf 95' lang='lat' dir='ltr'>et</span> <span class='ocrx_word' id='word_1_17' title='bbox 479 682 566 771; x_wconf 92' lang='lat' dir='ltr'>quod</span> <span class='ocrx_word' id='word_1_18' title='bbox 595 705 661 749; x_wconf 93' lang='lat' dir='ltr'>uno</span> <span class='ocrx_word' id='word_1_19' title='bbox 691 682 742 751; x_wconf 91' lang='lat' dir='ltr'>die</span> <span class='ocrx_word' id='word_1_20' title='bbox 776 682 875 751; x_wconf 89' lang='lat' dir='ltr'>ambo</span> <span class='ocrx_word' id='word_1_21' title='bbox 905 681 1038 752; x_wconf 86' lang='lat' dir='ltr'>feliciter</span> <span class='ocrx_word' id='word_1_22' title='bbox 1068 687 1185 753; x_wconf 89' lang='lat' dir='ltr'>mortui</span> <span class='ocrx_word' id='word_1_23' title='bbox 1217 708 1308 767; x_wconf 85' lang='lat' dir='ltr'>sunt3</span> 
     </span>
     <span class='ocr_line' id='line_1_4' title="bbox 251 788 1307 880; baseline 0.002 -22"><span class='ocrx_word' id='word_1_24' title='bbox 251 809 284 858; x_wconf 89' lang='lat' dir='ltr'>et</span> <span class='ocrx_word' id='word_1_25' title='bbox 306 791 345 858; x_wconf 90' lang='lat' dir='ltr'>de</span> <span class='ocrx_word' id='word_1_26' title='bbox 369 788 462 857; x_wconf 84' lang='lat' dir='ltr'>laude</span> <span class='ocrx_word' id='word_1_27' title='bbox 487 791 703 857; x_wconf 86' lang='lat' dir='ltr'>continentiae</span> <span class='ocrx_word' id='word_1_28' title='bbox 727 809 759 857; x_wconf 89' lang='lat' dir='ltr'>et</span> <span class='ocrx_word' id='word_1_29' title='bbox 787 791 1007 858; x_wconf 84' lang='lat' dir='ltr'>unanimitatis</span> <span class='ocrx_word' id='word_1_30' title='bbox 1037 792 1068 857; x_wconf 93' lang='lat' dir='ltr'>in</span> <span class='ocrx_word' id='word_1_31' title='bbox 1100 793 1237 880; x_wconf 90' lang='lat' dir='ltr'>sponsis.</span> <span class='ocrx_word' id='word_1_32' title='bbox 1263 813 1307 860; x_wconf 83' lang='lat' dir='ltr'>tx.</span> 
     </span>
     <span class='ocr_line' id='line_1_5' title="bbox 252 897 446 988; baseline -0.01 -23"><span class='ocrx_word' id='word_1_33' title='bbox 252 898 348 988; x_wconf 83' lang='lat' dir='ltr'>(Cap.</span> <span class='ocrx_word' id='word_1_34' title='bbox 369 897 446 986; x_wconf 95' lang='lat' dir='ltr'>IX).</span> 
     </span>
    </p>

    <p class='ocr_par' dir='ltr' id='par_1_3' title="bbox 135 1003 1308 1309">
     <span class='ocr_line' id='line_1_6' title="bbox 135 1003 1307 1103; baseline 0.003 -32"><span class='ocrx_word' id='word_1_35' title='bbox 135 1038 155 1103; x_wconf 85' lang='lat'><em>5</em></span> <span class='ocrx_word' id='word_1_36' title='bbox 185 1003 368 1084; x_wconf 89' lang='lat' dir='ltr'>Quomodo</span> <span class='ocrx_word' id='word_1_37' title='bbox 384 1027 439 1091; x_wconf 92' lang='lat' dir='ltr'>per</span> <span class='ocrx_word' id='word_1_38' title='bbox 455 1004 599 1091; x_wconf 92' lang='lat' dir='ltr'>spiritum</span> <span class='ocrx_word' id='word_1_39' title='bbox 617 1004 771 1093; x_wconf 89' lang='lat' dir='ltr'>cognovit</span> <span class='ocrx_word' id='word_1_40' title='bbox 792 1003 921 1072; x_wconf 81' lang='lat' dir='ltr'>fratrem</span> <span class='ocrx_word' id='word_1_41' title='bbox 939 1006 993 1093; x_wconf 91' lang='lat' dir='ltr'>qui</span> <span class='ocrx_word' id='word_1_42' title='bbox 1013 1004 1201 1074; x_wconf 84' lang='lat' dir='ltr'>scandalum</span> <span class='ocrx_word' id='word_1_43' title='bbox 1220 1005 1307 1074; x_wconf 88' lang='lat' dir='ltr'>fratri</span> 
     </span>
     <span class='ocr_line' id='line_1_7' title="bbox 251 1108 1308 1200; baseline 0.003 -23"><span class='ocrx_word' id='word_1_44' title='bbox 251 1108 327 1179; x_wconf 85' lang='lat' dir='ltr'>fecit</span> <span class='ocrx_word' id='word_1_45' title='bbox 350 1112 381 1178; x_wconf 91' lang='lat' dir='ltr'>in</span> <span class='ocrx_word' id='word_1_46' title='bbox 409 1112 468 1193; x_wconf 90' lang='lat' dir='ltr'>via,</span> <span class='ocrx_word' id='word_1_47' title='bbox 486 1133 583 1200; x_wconf 87' lang='lat' dir='ltr'>quem</span> <span class='ocrx_word' id='word_1_48' title='bbox 608 1129 638 1177; x_wconf 89' lang='lat' dir='ltr'>et</span> <span class='ocrx_word' id='word_1_49' title='bbox 661 1110 853 1198; x_wconf 86' lang='lat' dir='ltr'>religionem</span> <span class='ocrx_word' id='word_1_50' title='bbox 879 1113 1040 1179; x_wconf 83' lang='lat' dir='ltr'>exiturum</span> <span class='ocrx_word' id='word_1_51' title='bbox 1069 1112 1251 1199; x_wconf 82' lang='lat' dir='ltr'>praescivit3</span> <span class='ocrx_word' id='word_1_52' title='bbox 1277 1133 1308 1180; x_wconf 93' lang='lat' dir='ltr'>et</span> 
     </span>
     <span class='ocr_line' id='line_1_8' title="bbox 253 1217 902 1309; baseline 0 -24"><span class='ocrx_word' id='word_1_53' title='bbox 253 1235 364 1285; x_wconf 90' lang='lat' dir='ltr'>contra</span> <span class='ocrx_word' id='word_1_54' title='bbox 383 1217 485 1285; x_wconf 86' lang='lat' dir='ltr'>malos</span> <span class='ocrx_word' id='word_1_55' title='bbox 505 1220 649 1285; x_wconf 87' lang='lat' dir='ltr'>comites.</span> <span class='ocrx_word' id='word_1_56' title='bbox 671 1239 701 1285; x_wconf 87' lang='lat' dir='ltr'>x.</span> <span class='ocrx_word' id='word_1_57' title='bbox 723 1218 821 1309; x_wconf 85' lang='lat' dir='ltr'>(Cap.</span> <span class='ocrx_word' id='word_1_58' title='bbox 841 1218 902 1308; x_wconf 88' lang='grc' dir='ltr'>Χ).</span> 
     </span>
    </p>

    <p class='ocr_par' dir='ltr' id='par_1_4' title="bbox 188 1324 1306 1522">
     <span class='ocr_line' id='line_1_9' title="bbox 188 1324 1306 1413; baseline 0.001 -21"><span class='ocrx_word' id='word_1_59' title='bbox 188 1327 237 1392; x_wconf 90' lang='lat' dir='ltr'>De</span> <span class='ocrx_word' id='word_1_60' title='bbox 258 1327 375 1391; x_wconf 87' lang='lat' dir='ltr'>iuvene</span> <span class='ocrx_word' id='word_1_61' title='bbox 394 1324 449 1412; x_wconf 91' lang='lat' dir='ltr'>qui</span> <span class='ocrx_word' id='word_1_62' title='bbox 469 1326 555 1391; x_wconf 85' lang='lat' dir='ltr'>venit</span> <span class='ocrx_word' id='word_1_63' title='bbox 572 1324 611 1391; x_wconf 89' lang='lat' dir='ltr'>ad</span> <span class='ocrx_word' id='word_1_64' title='bbox 635 1324 839 1412; x_wconf 86' lang='lat' dir='ltr'>religionem,</span> <span class='ocrx_word' id='word_1_65' title='bbox 858 1347 957 1413; x_wconf 84' lang='lat' dir='ltr'>quem</span> <span class='ocrx_word' id='word_1_66' title='bbox 977 1327 1133 1413; x_wconf 91' lang='lat' dir='ltr'>cognovit</span> <span class='ocrx_word' id='word_1_67' title='bbox 1153 1349 1218 1394; x_wconf 93' lang='lat' dir='ltr'>non</span> <span class='ocrx_word' id='word_1_68' title='bbox 1246 1328 1306 1393; x_wconf 88' lang='lat' dir='ltr'>Dei</span> 
     </span>
     <span class='ocr_line' id='line_1_10' title="bbox 253 1430 806 1522; baseline -0.004 -24"><span class='ocrx_word' id='word_1_69' title='bbox 253 1432 363 1520; x_wconf 92' lang='lat' dir='ltr'>spiritu</span> <span class='ocrx_word' id='word_1_70' title='bbox 383 1431 527 1498; x_wconf 89' lang='lat' dir='ltr'>ductum.</span> <span class='ocrx_word' id='word_1_71' title='bbox 548 1452 591 1498; x_wconf 84' lang='lat' dir='ltr'>xt.</span> <span class='ocrx_word' id='word_1_72' title='bbox 612 1430 709 1521; x_wconf 86' lang='lat' dir='ltr'>(Cap.</span> <span class='ocrx_word' id='word_1_73' title='bbox 729 1430 806 1522; x_wconf 90' lang='lat' dir='ltr'>XI).</span> 
     </span>
    </p>

    <p class='ocr_par' dir='ltr' id='par_1_5' title="bbox 115 1537 1344 1736">
     <span class='ocr_line' id='line_1_11' title="bbox 115 1537 1344 1628; baseline 0.001 -22"><span class='ocrx_word' id='word_1_74' title='bbox 115 1569 157 1616; x_wconf 86' lang='lat' dir='ltr'>to</span> <span class='ocrx_word' id='word_1_75' title='bbox 189 1541 238 1606; x_wconf 89' lang='lat' dir='ltr'>De</span> <span class='ocrx_word' id='word_1_76' title='bbox 256 1537 398 1627; x_wconf 89' lang='lat' dir='ltr'>quodam</span> <span class='ocrx_word' id='word_1_77' title='bbox 423 1537 537 1606; x_wconf 90' lang='lat' dir='ltr'>clerico</span> <span class='ocrx_word' id='word_1_78' title='bbox 561 1539 600 1604; x_wconf 92' lang='lat' dir='ltr'>ab</span> <span class='ocrx_word' id='word_1_79' title='bbox 624 1539 694 1627; x_wconf 90' lang='lat' dir='ltr'>ipso</span> <span class='ocrx_word' id='word_1_80' title='bbox 718 1556 843 1620; x_wconf 89' lang='lat' dir='ltr'>sanato,</span> <span class='ocrx_word' id='word_1_81' title='bbox 866 1561 963 1627; x_wconf 89' lang='lat' dir='ltr'>quem</span> <span class='ocrx_word' id='word_1_82' title='bbox 988 1538 1115 1627; x_wconf 89' lang='lat' dir='ltr'>propter</span> <span class='ocrx_word' id='word_1_83' title='bbox 1138 1559 1306 1628; x_wconf 84' lang='lat' dir='ltr'>peccatum</span> <span class='ocrx_word' id='word_1_84' title='bbox 1342 1611 1344 1616; x_wconf 70' lang='grc'>,</span> 
     </span>
     <span class='ocr_line' id='line_1_12' title="bbox 252 1644 1306 1736; baseline 0.001 -25"><span class='ocrx_word' id='word_1_85' title='bbox 252 1644 490 1733; x_wconf 85' lang='lat' dir='ltr'>ingratitudinis</span> <span class='ocrx_word' id='word_1_86' title='bbox 509 1644 663 1732; x_wconf 84' lang='lat' dir='ltr'>praedixit</span> <span class='ocrx_word' id='word_1_87' title='bbox 688 1646 796 1733; x_wconf 87' lang='lat' dir='ltr'>peiora</span> <span class='ocrx_word' id='word_1_88' title='bbox 819 1667 998 1732; x_wconf 84' lang='lat' dir='ltr'>passurum.</span> <span class='ocrx_word' id='word_1_89' title='bbox 1015 1668 1071 1713; x_wconf 81' lang='lat' dir='ltr'>xt1.</span> <span class='ocrx_word' id='word_1_90' title='bbox 1089 1645 1185 1736; x_wconf 84' lang='lat' dir='ltr'>(Cap.</span> <span class='ocrx_word' id='word_1_91' title='bbox 1209 1646 1306 1736; x_wconf 86' lang='lat' dir='ltr'><em>XII).</em></span> 
     </span>
    </p>

    <p class='ocr_par' dir='ltr' id='par_1_6' title="bbox 187 1750 1308 1949">
     <span class='ocr_line' id='line_1_13' title="bbox 187 1750 1308 1841; baseline 0 -21"><span class='ocrx_word' id='word_1_92' title='bbox 187 1755 236 1820; x_wconf 90' lang='lat' dir='ltr'>De</span> <span class='ocrx_word' id='word_1_93' title='bbox 255 1751 398 1841; x_wconf 89' lang='lat' dir='ltr'>quodam</span> <span class='ocrx_word' id='word_1_94' title='bbox 422 1750 515 1819; x_wconf 85' lang='lat' dir='ltr'>fratre</span> <span class='ocrx_word' id='word_1_95' title='bbox 539 1771 661 1820; x_wconf 85' lang='lat' dir='ltr'>tentato</span> <span class='ocrx_word' id='word_1_96' title='bbox 681 1754 820 1840; x_wconf 86' lang='lat' dir='ltr'>graviter</span> <span class='ocrx_word' id='word_1_97' title='bbox 844 1754 933 1820; x_wconf 87' lang='lat' dir='ltr'>cuins</span> <span class='ocrx_word' id='word_1_98' title='bbox 955 1755 1166 1841; x_wconf 86' lang='lat' dir='ltr'>cogitationes</span> <span class='ocrx_word' id='word_1_99' title='bbox 1191 1754 1308 1820; x_wconf 89' lang='lat' dir='ltr'>intelli·</span> 
     </span>
     <span class='ocr_line' id='line_1_14' title="bbox 252 1857 939 1949; baseline -0.004 -24"><span class='ocrx_word' id='word_1_100' title='bbox 252 1882 332 1948; x_wconf 89' lang='lat' dir='ltr'>gens</span> <span class='ocrx_word' id='word_1_101' title='bbox 351 1882 477 1948; x_wconf 86' lang='lat' dir='ltr'>ungues</span> <span class='ocrx_word' id='word_1_102' title='bbox 497 1857 593 1925; x_wconf 91' lang='lat' dir='ltr'>dedit.</span> <span class='ocrx_word' id='word_1_103' title='bbox 615 1879 683 1925; x_wconf 87' lang='lat' dir='ltr'>xt11.</span> <span class='ocrx_word' id='word_1_104' title='bbox 705 1858 801 1949; x_wconf 83' lang='lat' dir='ltr'>(Cap.</span> <span class='ocrx_word' id='word_1_105' title='bbox 826 1858 939 1948; x_wconf 92' lang='lat' dir='ltr'>XIII).</span> 
     </span>
    </p>

    <p class='ocr_par' dir='ltr' id='par_1_7' title="bbox 187 1964 1306 2054">
     <span class='ocr_line' id='line_1_15' title="bbox 187 1964 1306 2054; baseline -0.002 -21"><span class='ocrx_word' id='word_1_106' title='bbox 187 1968 237 2033; x_wconf 92' lang='lat' dir='ltr'>De</span> <span class='ocrx_word' id='word_1_107' title='bbox 257 1966 390 2033; x_wconf 88' lang='lat' dir='ltr'>homine</span> <span class='ocrx_word' id='word_1_108' title='bbox 408 1967 462 2053; x_wconf 91' lang='lat' dir='ltr'>qui</span> <span class='ocrx_word' id='word_1_109' title='bbox 484 1988 628 2052; x_wconf 86' lang='lat' dir='ltr'>pannum</span> <span class='ocrx_word' id='word_1_110' title='bbox 648 1965 763 2033; x_wconf 90' lang='lat' dir='ltr'>obtulit</span> <span class='ocrx_word' id='word_1_111' title='bbox 788 1967 874 2031; x_wconf 83' lang='lat' dir='ltr'>iuxta</span> <span class='ocrx_word' id='word_1_112' title='bbox 898 1964 985 2053; x_wconf 91' lang='lat' dir='ltr'>quod</span> <span class='ocrx_word' id='word_1_113' title='bbox 1009 1985 1136 2032; x_wconf 87' lang='lat' dir='ltr'>sanctus</span> <span class='ocrx_word' id='word_1_114' title='bbox 1160 1968 1306 2054; x_wconf 89' lang='lat' dir='ltr'>primitus</span> 
     </span>
    </p>

    <p class='ocr_par' dir='ltr' id='par_1_8' title="bbox 116 2072 977 2169">
     <span class='ocr_line' id='line_1_16' title="bbox 116 2072 977 2169; baseline 0 -30"><span class='ocrx_word' id='word_1_115' title='bbox 116 2104 154 2169; x_wconf 86' lang='lat'>15</span> <span class='ocrx_word' id='word_1_116' title='bbox 253 2074 350 2162; x_wconf 86' lang='lat' dir='ltr'>petiit.</span> <span class='ocrx_word' id='word_1_117' title='bbox 371 2093 451 2139; x_wconf 85' lang='lat' dir='ltr'>xun.</span> <span class='ocrx_word' id='word_1_118' title='bbox 476 2072 573 2162; x_wconf 85' lang='lat' dir='ltr'>(Cap.</span> <span class='ocrx_word' id='word_1_119' title='bbox 597 2073 676 2138; x_wconf 89' lang='lat' dir='ltr'>XIV</span> <span class='ocrx_word' id='word_1_120' title='bbox 697 2087 723 2140; x_wconf 81' lang='lat' dir='ltr'>et</span> <span class='ocrx_word' id='word_1_121' title='bbox 746 2073 893 2139; x_wconf 81' lang='lat' dir='ltr'>Mirurul.</span> <span class='ocrx_word' id='word_1_122' title='bbox 914 2072 977 2162; x_wconf 76' lang='lat'>35).</span> 
     </span>
    </p>

    <p class='ocr_par' dir='ltr' id='par_1_9' title="bbox 187 2177 1308 2485">
     <span class='ocr_line' id='line_1_17' title="bbox 187 2177 1308 2267; baseline 0 -21"><span class='ocrx_word' id='word_1_123' title='bbox 187 2178 369 2263; x_wconf 89' lang='lat' dir='ltr'>Quomodo</span> <span class='ocrx_word' id='word_1_124' title='bbox 387 2179 548 2246; x_wconf 89' lang='lat' dir='ltr'>medicum</span> <span class='ocrx_word' id='word_1_125' title='bbox 564 2201 659 2246; x_wconf 87' lang='lat' dir='ltr'>suurn</span> <span class='ocrx_word' id='word_1_126' title='bbox 676 2203 750 2247; x_wconf 89' lang='lat' dir='ltr'>cum</span> <span class='ocrx_word' id='word_1_127' title='bbox 767 2178 846 2245; x_wconf 85' lang='lat' dir='ltr'>nibil</span> <span class='ocrx_word' id='word_1_128' title='bbox 863 2177 973 2246; x_wconf 82' lang='lat' dir='ltr'>fratres</span> <span class='ocrx_word' id='word_1_129' title='bbox 990 2179 1143 2245; x_wconf 88' lang='lat' dir='ltr'>haberent</span> <span class='ocrx_word' id='word_1_130' title='bbox 1160 2179 1199 2246; x_wconf 86' lang='lat' dir='ltr'>ad</span> <span class='ocrx_word' id='word_1_131' title='bbox 1216 2203 1308 2267; x_wconf 88' lang='lat' dir='ltr'>pran-</span> 
     </span>
     <span class='ocr_line' id='line_1_18' title="bbox 252 2284 1306 2374; baseline 0.001 -22"><span class='ocrx_word' id='word_1_132' title='bbox 252 2285 341 2353; x_wconf 89' lang='lat' dir='ltr'>dium</span> <span class='ocrx_word' id='word_1_133' title='bbox 363 2286 510 2353; x_wconf 84' lang='lat' dir='ltr'>invitavit</span> <span class='ocrx_word' id='word_1_134' title='bbox 530 2304 561 2353; x_wconf 91' lang='lat' dir='ltr'>et</span> <span class='ocrx_word' id='word_1_135' title='bbox 581 2305 699 2374; x_wconf 87' lang='lat' dir='ltr'>quanta</span> <span class='ocrx_word' id='word_1_136' title='bbox 719 2284 757 2352; x_wconf 87' lang='lat' dir='ltr'>de</span> <span class='ocrx_word' id='word_1_137' title='bbox 777 2285 884 2351; x_wconf 90' lang='lat' dir='ltr'>subito</span> <span class='ocrx_word' id='word_1_138' title='bbox 906 2287 1068 2353; x_wconf 89' lang='lat' dir='ltr'>Dominus</span> <span class='ocrx_word' id='word_1_139' title='bbox 1088 2286 1190 2369; x_wconf 88' lang='lat' dir='ltr'>dedit;</span> <span class='ocrx_word' id='word_1_140' title='bbox 1215 2305 1247 2352; x_wconf 91' lang='lat' dir='ltr'>et</span> <span class='ocrx_word' id='word_1_141' title='bbox 1267 2284 1306 2353; x_wconf 89' lang='lat' dir='ltr'>de</span> 
     </span>
     <span class='ocr_line' id='line_1_19' title="bbox 251 2391 1306 2485; baseline 0.002 -26"><span class='ocrx_word' id='word_1_142' title='bbox 251 2391 453 2481; x_wconf 87' lang='lat' dir='ltr'>providentia</span> <span class='ocrx_word' id='word_1_143' title='bbox 473 2392 535 2461; x_wconf 93' lang='lat' dir='ltr'>Dei</span> <span class='ocrx_word' id='word_1_144' title='bbox 555 2392 636 2461; x_wconf 86' lang='lat' dir='ltr'>circa</span> <span class='ocrx_word' id='word_1_145' title='bbox 655 2416 742 2460; x_wconf 87' lang='lat' dir='ltr'>suos.</span> <span class='ocrx_word' id='word_1_146' title='bbox 765 2415 818 2460; x_wconf 81' lang='lat' dir='ltr'>xv,</span> <span class='ocrx_word' id='word_1_147' title='bbox 835 2393 931 2484; x_wconf 84' lang='lat' dir='ltr'>(Cap.</span> <span class='ocrx_word' id='word_1_148' title='bbox 952 2393 1013 2460; x_wconf 89' lang='lat' dir='ltr'>XV</span> <span class='ocrx_word' id='word_1_149' title='bbox 1030 2408 1055 2462; x_wconf 81' lang='lat' dir='ltr'>ct</span> <span class='ocrx_word' id='word_1_150' title='bbox 1075 2394 1220 2463; x_wconf 84' lang='lat' dir='ltr'>Miracnl.</span> <span class='ocrx_word' id='word_1_151' title='bbox 1237 2392 1306 2485; x_wconf 74' lang='lat'>36).</span> 
     </span>
    </p>

    <p class='ocr_par' dir='ltr' id='par_1_10' title="bbox 187 2498 1305 2590">
     <span class='ocr_line' id='line_1_20' title="bbox 187 2498 1305 2590; baseline 0 -22"><span class='ocrx_word' id='word_1_152' title='bbox 187 2503 237 2568; x_wconf 90' lang='lat' dir='ltr'>De</span> <span class='ocrx_word' id='word_1_153' title='bbox 257 2498 382 2567; x_wconf 92' lang='lat' dir='ltr'>duobus</span> <span class='ocrx_word' id='word_1_154' title='bbox 406 2498 551 2568; x_wconf 84' lang='lat' dir='ltr'>fratribus</span> <span class='ocrx_word' id='word_1_155' title='bbox 570 2522 652 2588; x_wconf 88' lang='lat' dir='ltr'>quos</span> <span class='ocrx_word' id='word_1_156' title='bbox 676 2502 786 2568; x_wconf 79' lang='lat' dir='ltr'>exiens</span> <span class='ocrx_word' id='word_1_157' title='bbox 808 2499 846 2567; x_wconf 94' lang='lat' dir='ltr'>de</span> <span class='ocrx_word' id='word_1_158' title='bbox 867 2501 945 2567; x_wconf 85' lang='lat' dir='ltr'>cella</span> <span class='ocrx_word' id='word_1_159' title='bbox 970 2500 1142 2579; x_wconf 85' lang='lat' dir='ltr'>benedixit,</span> <span class='ocrx_word' id='word_1_160' title='bbox 1167 2524 1305 2590; x_wconf 90' lang='lat' dir='ltr'>quorum</span> 
     </span>
    </p>

    <p class='ocr_par' dir='ltr' id='par_1_11' title="bbox 110 2606 1227 2699">
     <span class='ocr_line' id='line_1_21' title="bbox 110 2606 1227 2699; baseline -0.001 -26"><span class='ocrx_word' id='word_1_161' title='bbox 110 2638 156 2685; x_wconf 90' lang='lat'>20</span> <span class='ocrx_word' id='word_1_162' title='bbox 252 2606 443 2674; x_wconf 87' lang='lat' dir='ltr'>desiderium</span> <span class='ocrx_word' id='word_1_163' title='bbox 464 2608 582 2694; x_wconf 84' lang='lat' dir='ltr'>Spiritu</span> <span class='ocrx_word' id='word_1_164' title='bbox 600 2627 711 2675; x_wconf 89' lang='lat' dir='ltr'>sancto</span> <span class='ocrx_word' id='word_1_165' title='bbox 731 2610 898 2696; x_wconf 84' lang='lat' dir='ltr'>cognovit.</span> <span class='ocrx_word' id='word_1_166' title='bbox 919 2608 1227 2699; x_wconf 79' lang='lat' dir='ltr'>xv1.(Cap.XVI).</span> 
     </span>
    </p>

    <p class='ocr_par' dir='ltr' id='par_1_12' title="bbox 185 2712 1306 2911">
     <span class='ocr_line' id='line_1_22' title="bbox 185 2712 1306 2803; baseline -0.001 -21"><span class='ocrx_word' id='word_1_167' title='bbox 185 2712 368 2793; x_wconf 91' lang='lat' dir='ltr'>Quomodo</span> <span class='ocrx_word' id='word_1_168' title='bbox 387 2713 427 2781; x_wconf 88' lang='lat' dir='ltr'>de</span> <span class='ocrx_word' id='word_1_169' title='bbox 451 2734 538 2802; x_wconf 89' lang='lat' dir='ltr'>petra</span> <span class='ocrx_word' id='word_1_170' title='bbox 558 2714 681 2781; x_wconf 86' lang='lat' dir='ltr'>orando</span> <span class='ocrx_word' id='word_1_171' title='bbox 701 2737 818 2803; x_wconf 85' lang='lat' dir='ltr'>aquam</span> <span class='ocrx_word' id='word_1_172' title='bbox 843 2716 966 2796; x_wconf 87' lang='lat' dir='ltr'>eduxit,</span> <span class='ocrx_word' id='word_1_173' title='bbox 992 2734 1022 2782; x_wconf 89' lang='lat' dir='ltr'>et</span> <span class='ocrx_word' id='word_1_174' title='bbox 1046 2717 1162 2782; x_wconf 88' lang='lat' dir='ltr'>sitienti</span> <span class='ocrx_word' id='word_1_175' title='bbox 1187 2717 1306 2782; x_wconf 91' lang='lat' dir='ltr'>rustico</span> 
     </span>
     <span class='ocr_line' id='line_1_23' title="bbox 253 2822 973 2911; baseline 0 -22"><span class='ocrx_word' id='word_1_176' title='bbox 253 2822 351 2890; x_wconf 90' lang='lat' dir='ltr'>dedit.</span> <span class='ocrx_word' id='word_1_177' title='bbox 372 2843 450 2889; x_wconf 73' lang='lat' dir='ltr'>utut.</span> <span class='ocrx_word' id='word_1_178' title='bbox 471 2822 568 2911; x_wconf 84' lang='lat' dir='ltr'>(Cup.</span> <span class='ocrx_word' id='word_1_179' title='bbox 588 2822 683 2889; x_wconf 82' lang='lat' dir='ltr'><em>XVII</em></span> <span class='ocrx_word' id='word_1_180' title='bbox 700 2836 727 2889; x_wconf 85' lang='lat' dir='ltr'>et</span> <span class='ocrx_word' id='word_1_181' title='bbox 745 2822 893 2888; x_wconf 74' lang='lat' dir='ltr'>Miranti.</span> <span class='ocrx_word' id='word_1_182' title='bbox 914 2823 973 2911; x_wconf 79' lang='lat'>15).</span> 
     </span>
    </p>

    <p class='ocr_par' dir='ltr' id='par_1_13' title="bbox 186 2929 1306 3126">
     <span class='ocr_line' id='line_1_24' title="bbox 186 2929 1306 3018; baseline -0.002 -21"><span class='ocrx_word' id='word_1_183' title='bbox 186 2932 237 2997; x_wconf 90' lang='lat' dir='ltr'>De</span> <span class='ocrx_word' id='word_1_184' title='bbox 261 2930 391 2997; x_wconf 86' lang='lat' dir='ltr'>aviculis</span> <span class='ocrx_word' id='word_1_185' title='bbox 415 2929 452 2995; x_wconf 87' lang='lat' dir='ltr'>ab</span> <span class='ocrx_word' id='word_1_186' title='bbox 473 2931 545 3018; x_wconf 88' lang='lat' dir='ltr'>ipso</span> <span class='ocrx_word' id='word_1_187' title='bbox 569 2931 693 2996; x_wconf 91' lang='lat' dir='ltr'>nutritis</span> <span class='ocrx_word' id='word_1_188' title='bbox 717 2952 857 3017; x_wconf 87' lang='lat' dir='ltr'>quorum</span> <span class='ocrx_word' id='word_1_189' title='bbox 884 2951 966 2996; x_wconf 91' lang='lat' dir='ltr'>unus</span> <span class='ocrx_word' id='word_1_190' title='bbox 989 2950 1118 3018; x_wconf 87' lang='lat' dir='ltr'>propter</span> <span class='ocrx_word' id='word_1_191' title='bbox 1141 2931 1306 2996; x_wconf 87' lang='lat' dir='ltr'>avaritiam</span> 
     </span>
     <span class='ocr_line' id='line_1_25' title="bbox 253 3035 943 3126; baseline -0.003 -23"><span class='ocrx_word' id='word_1_192' title='bbox 253 3057 393 3104; x_wconf 88' lang='lat' dir='ltr'>mortem</span> <span class='ocrx_word' id='word_1_193' title='bbox 412 3037 551 3104; x_wconf 89' lang='lat' dir='ltr'>incurrit.</span> <span class='ocrx_word' id='word_1_194' title='bbox 573 3057 663 3103; x_wconf 84' lang='lat' dir='ltr'>xvtu.</span> <span class='ocrx_word' id='word_1_195' title='bbox 684 3036 780 3126; x_wconf 85' lang='lat' dir='ltr'>(Cap.</span> <span class='ocrx_word' id='word_1_196' title='bbox 798 3035 943 3125; x_wconf 82' lang='lat' dir='ltr'>XVIII).</span> 
     </span>
    </p>

    <p class='ocr_par' dir='ltr' id='par_1_14' title="bbox 110 3141 1307 3339">
     <span class='ocr_line' id='line_1_26' title="bbox 110 3141 1307 3236; baseline -0.003 -26"><span class='ocrx_word' id='word_1_197' title='bbox 110 3171 154 3236; x_wconf 78' lang='lat'>25</span> <span class='ocrx_word' id='word_1_198' title='bbox 188 3143 288 3225; x_wconf 90' lang='lat' dir='ltr'>Quod</span> <span class='ocrx_word' id='word_1_199' title='bbox 312 3166 449 3232; x_wconf 85' lang='lat' dir='ltr'>eaquae</span> <span class='ocrx_word' id='word_1_200' title='bbox 469 3143 508 3210; x_wconf 92' lang='lat' dir='ltr'>de</span> <span class='ocrx_word' id='word_1_201' title='bbox 532 3141 625 3209; x_wconf 81' lang='lat' dir='ltr'>fratte</span> <span class='ocrx_word' id='word_1_202' title='bbox 649 3143 812 3210; x_wconf 88' lang='lat' dir='ltr'>Bernardo</span> <span class='ocrx_word' id='word_1_203' title='bbox 837 3141 991 3231; x_wconf 83' lang='lat' dir='ltr'>praedixit</span> <span class='ocrx_word' id='word_1_204' title='bbox 1015 3144 1124 3209; x_wconf 90' lang='lat' dir='ltr'>omnia</span> <span class='ocrx_word' id='word_1_205' title='bbox 1148 3164 1222 3210; x_wconf 88' lang='lat' dir='ltr'>sunt</span> <span class='ocrx_word' id='word_1_206' title='bbox 1247 3144 1307 3208; x_wconf 90' lang='lat' dir='ltr'>im·</span> 
     </span>
     <span class='ocr_line' id='line_1_27' title="bbox 254 3248 713 3339; baseline -0.004 -22"><span class='ocrx_word' id='word_1_207' title='bbox 254 3250 345 3339; x_wconf 89' lang='lat' dir='ltr'>pleta.</span> <span class='ocrx_word' id='word_1_208' title='bbox 365 3271 469 3317; x_wconf 84' lang='lat' dir='ltr'>xvrrrt.</span> <span class='ocrx_word' id='word_1_209' title='bbox 491 3249 586 3339; x_wconf 84' lang='lat' dir='ltr'>(Cup.</span> <span class='ocrx_word' id='word_1_210' title='bbox 606 3248 713 3337; x_wconf 90' lang='lat' dir='ltr'>XIX).</span> 
     </span>
    </p>

    <p class='ocr_par' dir='ltr' id='par_1_15' title="bbox 189 3354 1307 3552">
     <span class='ocr_line' id='line_1_28' title="bbox 189 3354 1307 3446; baseline -0.004 -22"><span class='ocrx_word' id='word_1_211' title='bbox 189 3360 238 3424; x_wconf 88' lang='lat' dir='ltr'>De</span> <span class='ocrx_word' id='word_1_212' title='bbox 262 3357 353 3425; x_wconf 82' lang='lat' dir='ltr'>fratre</span> <span class='ocrx_word' id='word_1_213' title='bbox 372 3358 427 3446; x_wconf 92' lang='lat' dir='ltr'>qui</span> <span class='ocrx_word' id='word_1_214' title='bbox 447 3355 644 3423; x_wconf 86' lang='lat' dir='ltr'>desiderabat</span> <span class='ocrx_word' id='word_1_215' title='bbox 668 3374 796 3444; x_wconf 92' lang='lat' dir='ltr'>propter</span> <span class='ocrx_word' id='word_1_216' title='bbox 815 3357 1028 3423; x_wconf 82' lang='lat' dir='ltr'>tentationem</span> <span class='ocrx_word' id='word_1_217' title='bbox 1047 3378 1145 3444; x_wconf 85' lang='lat' dir='ltr'>quam</span> <span class='ocrx_word' id='word_1_218' title='bbox 1171 3354 1307 3423; x_wconf 85' lang='lat' dir='ltr'>habebat</span> 
     </span>
     <span class='ocr_line' id='line_1_29' title="bbox 254 3461 1306 3552; baseline -0.001 -23"><span class='ocrx_word' id='word_1_219' title='bbox 254 3463 369 3530; x_wconf 88' lang='lat' dir='ltr'>habere</span> <span class='ocrx_word' id='word_1_220' title='bbox 391 3461 522 3551; x_wconf 87' lang='lat' dir='ltr'>aliquod</span> <span class='ocrx_word' id='word_1_221' title='bbox 544 3464 697 3550; x_wconf 90' lang='lat' dir='ltr'>scriptum</span> <span class='ocrx_word' id='word_1_222' title='bbox 717 3461 872 3529; x_wconf 70' lang='lat' dir='ltr'>riemann</span> <span class='ocrx_word' id='word_1_223' title='bbox 894 3465 1006 3529; x_wconf 88' lang='lat' dir='ltr'>sancti.</span> <span class='ocrx_word' id='word_1_224' title='bbox 1029 3483 1082 3530; x_wconf 81' lang='lat' dir='ltr'>xx.</span> <span class='ocrx_word' id='word_1_225' title='bbox 1104 3462 1201 3552; x_wconf 82' lang='lat' dir='ltr'>(Cap.</span> <span class='ocrx_word' id='word_1_226' title='bbox 1215 3461 1306 3551; x_wconf 85' lang='lat' dir='ltr'>XX).</span> 
     </span>
    </p>

    <p class='ocr_par' dir='ltr' id='par_1_16' title="bbox 188 3568 1307 3638">
     <span class='ocr_line' id='line_1_30' title="bbox 188 3568 1307 3638; baseline -0.003 0"><span class='ocrx_word' id='word_1_227' title='bbox 188 3572 238 3638; x_wconf 90' lang='lat' dir='ltr'>De</span> <span class='ocrx_word' id='word_1_228' title='bbox 262 3569 379 3637; x_wconf 88' lang='lat' dir='ltr'>eodem</span> <span class='ocrx_word' id='word_1_229' title='bbox 411 3568 504 3637; x_wconf 89' lang='lat' dir='ltr'>fratre</span> <span class='ocrx_word' id='word_1_230' title='bbox 529 3571 579 3638; x_wconf 91' lang='lat' dir='ltr'>cui</span> <span class='ocrx_word' id='word_1_231' title='bbox 610 3571 698 3637; x_wconf 88' lang='lat' dir='ltr'>iuxta</span> <span class='ocrx_word' id='word_1_232' title='bbox 723 3568 918 3637; x_wconf 88' lang='lat' dir='ltr'>desiderium</span> <span class='ocrx_word' id='word_1_233' title='bbox 950 3572 1092 3637; x_wconf 90' lang='lat' dir='ltr'>tunicam</span> <span class='ocrx_word' id='word_1_234' title='bbox 1117 3569 1213 3636; x_wconf 89' lang='lat' dir='ltr'>dedit.</span> <span class='ocrx_word' id='word_1_235' title='bbox 1240 3589 1307 3635; x_wconf 85' lang='lat' dir='ltr'>xxr.</span> 
     </span>
    </p>

    <p class='ocr_par' dir='ltr' id='par_1_17' title="bbox 112 3675 1309 3872">
     <span class='ocr_line' id='line_1_31' title="bbox 112 3675 892 3772; baseline -0.001 0"><span class='ocrx_word' id='word_1_236' title='bbox 112 3706 156 3772; x_wconf 66' lang='lat'>³0</span> <span class='ocrx_word' id='word_1_237' title='bbox 254 3676 350 3765; x_wconf 77' lang='lat' dir='ltr'>tor·</span> <span class='ocrx_word' id='word_1_238' title='bbox 371 3675 478 3765; x_wconf 76' lang='lat' dir='ltr'>m).</span> <span class='ocrx_word' id='word_1_239' title='bbox 889 3767 892 3771; x_wconf 76' lang='grc'><strong><em>,</em></strong></span> 
     </span>
     <span class='ocr_line' id='line_1_32' title="bbox 185 3781 1309 3872; baseline -0.007 -20"><span class='ocrx_word' id='word_1_240' title='bbox 185 3786 237 3852; x_wconf 91' lang='lat' dir='ltr'>De</span> <span class='ocrx_word' id='word_1_241' title='bbox 256 3783 419 3872; x_wconf 90' lang='lat' dir='ltr'>petrosillo</span> <span class='ocrx_word' id='word_1_242' title='bbox 445 3782 484 3849; x_wconf 86' lang='lat' dir='ltr'>ad</span> <span class='ocrx_word' id='word_1_243' title='bbox 508 3785 575 3850; x_wconf 90' lang='lat' dir='ltr'>eius</span> <span class='ocrx_word' id='word_1_244' title='bbox 600 3784 722 3849; x_wconf 85' lang='lat' dir='ltr'>iussum</span> <span class='ocrx_word' id='word_1_245' title='bbox 743 3781 782 3849; x_wconf 96' lang='lat' dir='ltr'>de</span> <span class='ocrx_word' id='word_1_246' title='bbox 806 3803 901 3849; x_wconf 90' lang='lat' dir='ltr'>nocte</span> <span class='ocrx_word' id='word_1_247' title='bbox 924 3782 1007 3848; x_wconf 90' lang='lat' dir='ltr'>iuter</span> <span class='ocrx_word' id='word_1_248' title='bbox 1031 3781 1142 3848; x_wconf 90' lang='lat' dir='ltr'>herbas</span> <span class='ocrx_word' id='word_1_249' title='bbox 1168 3797 1309 3868; x_wconf 88' lang='lat' dir='ltr'>agrestes</span> 
     </span>
    </p>
   </div>
   <div class='ocr_carea' id='block_1_3' title="bbox 253 3887 761 3980">
    <p class='ocr_par' dir='ltr' id='par_1_18' title="bbox 253 3887 761 3980">
     <span class='ocr_line' id='line_1_33' title="bbox 253 3887 761 3980; baseline 0 -24"><span class='ocrx_word' id='word_1_250' title='bbox 253 3892 398 3958; x_wconf 88' lang='lat' dir='ltr'>invento.</span> <span class='ocrx_word' id='word_1_251' title='bbox 417 3911 497 3957; x_wconf 82' lang='lat' dir='ltr'>xxtt.</span> <span class='ocrx_word' id='word_1_252' title='bbox 518 3890 614 3980; x_wconf 86' lang='lat' dir='ltr'>(Cap.</span> <span class='ocrx_word' id='word_1_253' title='bbox 634 3887 761 3977; x_wconf 88' lang='lat' dir='ltr'>XXII).</span> 
     </span>
    </p>
   </div>
   <div class='ocr_carea' id='block_1_4' title="bbox 186 4084 1310 4484">
    <p class='ocr_par' dir='ltr' id='par_1_19' title="bbox 186 4084 1310 4484">
     <span class='ocr_line' id='line_1_34' title="bbox 262 4084 1310 4160; baseline -0.007 -18"><span class='ocrx_word' id='word_1_254' title='bbox 262 4105 300 4158; x_wconf 85' lang='lat'>13.</span> <span class='ocrx_word' id='word_1_255' title='bbox 318 4089 373 4142; x_wconf 82' lang='lat' dir='ltr'>Post</span> <span class='ocrx_word' id='word_1_256' title='bbox 387 4098 441 4160; x_wconf 85' lang='lat' dir='ltr'>rap.</span> <span class='ocrx_word' id='word_1_257' title='bbox 461 4087 529 4142; x_wconf 91' lang='lat' dir='ltr'>XIII</span> <span class='ocrx_word' id='word_1_258' title='bbox 545 4087 597 4141; x_wconf 83' lang='lat' dir='ltr'>rod.</span> <span class='ocrx_word' id='word_1_259' title='bbox 619 4087 650 4139; x_wconf 78' lang='lat' dir='ltr'>ll</span> <span class='ocrx_word' id='word_1_260' title='bbox 663 4090 736 4157; x_wconf 83' lang='lat' dir='ltr'>ponit</span> <span class='ocrx_word' id='word_1_261' title='bbox 755 4097 811 4158; x_wconf 82' lang='lat' dir='ltr'>rap.</span> <span class='ocrx_word' id='word_1_262' title='bbox 832 4087 922 4139; x_wconf 74' lang='lat' dir='ltr'>XXIII</span> <span class='ocrx_word' id='word_1_263' title='bbox 938 4087 980 4139; x_wconf 87' lang='lat' dir='ltr'>De</span> <span class='ocrx_word' id='word_1_264' title='bbox 1000 4084 1111 4137; x_wconf 82' lang='lat' dir='ltr'>fame...</span> <span class='ocrx_word' id='word_1_265' title='bbox 1129 4084 1193 4155; x_wconf 84' lang='lat' dir='ltr'>quod</span> <span class='ocrx_word' id='word_1_266' title='bbox 1210 4085 1310 4155; x_wconf 73' lang='lat' dir='ltr'>pariter</span> 
     </span>
     <span class='ocr_line' id='line_1_35' title="bbox 186 4167 1310 4241; baseline -0.008 -14"><span class='ocrx_word' id='word_1_267' title='bbox 186 4175 214 4227; x_wconf 86' lang='lat' dir='ltr'>in</span> <span class='ocrx_word' id='word_1_268' title='bbox 229 4172 281 4226; x_wconf 86' lang='lat' dir='ltr'>cod.</span> <span class='ocrx_word' id='word_1_269' title='bbox 298 4172 320 4225; x_wconf 89' lang='lat' dir='ltr'><em>P</em></span> <span class='ocrx_word' id='word_1_270' title='bbox 333 4190 383 4225; x_wconf 85' lang='lat' dir='ltr'>nou</span> <span class='ocrx_word' id='word_1_271' title='bbox 395 4174 523 4226; x_wconf 77' lang='lat' dir='ltr'>invenitur</span> <span class='ocrx_word' id='word_1_272' title='bbox 535 4173 579 4225; x_wconf 86' lang='lat' dir='ltr'>uln&#39;</span> <span class='ocrx_word' id='word_1_273' title='bbox 594 4169 656 4223; x_wconf 83' lang='lat' dir='ltr'>illud</span> <span class='ocrx_word' id='word_1_274' title='bbox 665 4172 736 4241; x_wconf 81' lang='lat' dir='ltr'>ponit</span> <span class='ocrx_word' id='word_1_275' title='bbox 752 4169 805 4223; x_wconf 82' lang='lat' dir='ltr'>cod.</span> <span class='ocrx_word' id='word_1_276' title='bbox 822 4170 855 4222; x_wconf 88' lang='lat' dir='ltr'>A.</span> <span class='ocrx_word' id='word_1_277' title='bbox 865 4201 901 4208; x_wconf 92' lang='lat'>-</span> <span class='ocrx_word' id='word_1_278' title='bbox 913 4169 1007 4223; x_wconf 71' lang='lat' dir='ltr'>Deinde</span> <span class='ocrx_word' id='word_1_279' title='bbox 1022 4169 1073 4222; x_wconf 83' lang='lat' dir='ltr'>cod.</span> <span class='ocrx_word' id='word_1_280' title='bbox 1093 4171 1120 4221; x_wconf 72' lang='lat' dir='ltr'>ll</span> <span class='ocrx_word' id='word_1_281' title='bbox 1136 4170 1220 4221; x_wconf 74' lang='lat' dir='ltr'>inserit</span> <span class='ocrx_word' id='word_1_282' title='bbox 1240 4167 1310 4220; x_wconf 80' lang='lat' dir='ltr'>aliud</span> 
     </span>
     <span class='ocr_line' id='line_1_36' title="bbox 186 4247 1308 4325; baseline -0.011 -15"><span class='ocrx_word' id='word_1_283' title='bbox 186 4264 257 4325; x_wconf 73' lang='lat' dir='ltr'>cap:</span> <span class='ocrx_word' id='word_1_284' title='bbox 267 4252 416 4317; x_wconf 90' lang='lat' dir='ltr'>Quomodo</span> <span class='ocrx_word' id='word_1_285' title='bbox 424 4251 535 4306; x_wconf 85' lang='lat' dir='ltr'>fratrem</span> <span class='ocrx_word' id='word_1_286' title='bbox 547 4252 685 4304; x_wconf 88' lang='lat' dir='ltr'>Ricerium</span> <span class='ocrx_word' id='word_1_287' title='bbox 697 4251 871 4303; x_wconf 75' lang='lat' dir='ltr'>attentatione</span> <span class='ocrx_word' id='word_1_288' title='bbox 884 4249 1015 4310; x_wconf 83' lang='lat' dir='ltr'>liberavit,</span> <span class='ocrx_word' id='word_1_289' title='bbox 1025 4251 1161 4318; x_wconf 77' lang='lat' dir='ltr'>emittitque</span> <span class='ocrx_word' id='word_1_290' title='bbox 1171 4259 1224 4318; x_wconf 80' lang='lat' dir='ltr'>rap.</span> <span class='ocrx_word' id='word_1_291' title='bbox 1237 4247 1275 4300; x_wconf 85' lang='lat' dir='ltr'>XI</span> <span class='ocrx_word' id='word_1_292' title='bbox 1280 4247 1308 4309; x_wconf 67' lang='grc' dir='ltr'>Γ,</span> 
     </span>
     <span class='ocr_line' id='line_1_37' title="bbox 187 4329 1309 4403; baseline -0.01 -14"><span class='ocrx_word' id='word_1_293' title='bbox 187 4334 240 4389; x_wconf 86' lang='lat' dir='ltr'>XV</span> <span class='ocrx_word' id='word_1_294' title='bbox 246 4341 268 4389; x_wconf 74' lang='lat' dir='ltr'>cl</span> <span class='ocrx_word' id='word_1_295' title='bbox 278 4333 356 4387; x_wconf 87' lang='lat' dir='ltr'>XVII</span> <span class='ocrx_word' id='word_1_296' title='bbox 366 4335 466 4403; x_wconf 79' lang='lat' dir='ltr'>quaein</span> <span class='ocrx_word' id='word_1_297' title='bbox 480 4334 558 4387; x_wconf 86' lang='lat' dir='ltr'>Libro</span> <span class='ocrx_word' id='word_1_298' title='bbox 580 4331 815 4385; x_wconf 65' lang='lat' dir='ltr'>rllt&#39;rorulorum</span> <span class='ocrx_word' id='word_1_299' title='bbox 836 4330 977 4397; x_wconf 64' lang='lat' dir='ltr'>reseruntur</span> <span class='ocrx_word' id='word_1_300' title='bbox 989 4329 1123 4396; x_wconf 72' lang='lat' dir='ltr'>(iliracul.</span> <span class='ocrx_word' id='word_1_301' title='bbox 1135 4346 1170 4399; x_wconf 71' lang='lat'>3&#39;»</span> <span class='ocrx_word' id='word_1_302' title='bbox 1183 4329 1214 4398; x_wconf 82' lang='lat'>36</span> <span class='ocrx_word' id='word_1_303' title='bbox 1227 4336 1250 4381; x_wconf 81' lang='lat' dir='ltr'>et</span> <span class='ocrx_word' id='word_1_304' title='bbox 1262 4329 1309 4396; x_wconf 77' lang='lat'><em>¹5)-</em></span> 
     </span>
     <span class='ocr_line' id='line_1_38' title="bbox 188 4413 545 4484; baseline -0.011 -15"><span class='ocrx_word' id='word_1_305' title='bbox 188 4429 231 4469; x_wconf 83' lang='lat'>21.</span> <span class='ocrx_word' id='word_1_306' title='bbox 249 4413 358 4484; x_wconf 82' lang='lat' dir='ltr'>sitienti]</span> <span class='ocrx_word' id='word_1_307' title='bbox 378 4413 400 4469; x_wconf 87' lang='lat' dir='ltr'><em>R</em></span> <span class='ocrx_word' id='word_1_308' title='bbox 418 4413 545 4468; x_wconf 85' lang='lat' dir='ltr'>servienti</span> 
     </span>
    </p>
   </div>
   <div class='ocr_carea' id='block_1_5' title="bbox 0 0 1579 4875">
    <p class='ocr_par' dir='ltr' id='par_1_20' title="bbox 0 0 1579 4875">
     <span class='ocr_line' id='line_1_39' title="bbox 0 0 1579 4875; baseline 0 0"><span class='ocrx_word' id='word_1_309' title='bbox 0 0 1579 4875; x_wconf 95' lang='lat' dir='ltr'> </span> 
     </span>
    </p>
   </div>
  </div>
 </body>
</html>
