3142 4875
255 349 273 394 2
282 346 329 415 50
631 347 801 393 {limbi
829 345 995 393 slttt's'lm

743 455 939 460 ,ᾳ-ΗΗ-..-.
957 455 1000 460 --.
1015 453 1373 462 -.-..--.-—--...—-,--

249 582 360 654 sociis
389 581 483 661 suis;
515 596 670 650 venerat
699 577 757 650 ille
788 579 834 650 ad
865 579 1067 674 quamdam
1088 604 1191 651 suam
1218 604 1375 650 consan-

248 688 426 786 guineam
455 713 538 758 cum
560 685 752 758 sodalibus
772 686 906 758 multis,
966 685 1081 758 Facta
1110 703 1235 757 autem
1261 711 1373 758 manu

249 796 321 867 Dei
372 819 484 890 super
521 793 633 876 illum,
674 793 775 864 videt
813 791 1003 888 corporeis
1050 793 1166 864 oculis
1202 808 1374 865 sanctum

249 902 489 975 Franciscum
529 902 677 971 duobus
720 900 940 972 transversis
970 899 1121 971 ensibus
1157 899 1267 971 valde
1306 898 1375 970 lul·

248 1009 426 1106 gentibus
454 1006 490 1078 in
521 1007 673 1078 modum
704 1007 824 1077 crucis
853 1007 1053 1102 signatum,
1085 1032 1243 1102 quorum
1278 1032 1375 1077 unus
1409 1036 1424 1099 5

251 1114 423 1210 acapite
458 1115 505 1184 ad
543 1113 670 1209 pedes
702 1111 796 1185 alius
833 1138 855 1185 a
898 1139 1008 1184 manu
1049 1114 1084 1184 in
1123 1139 1274 1185 manum
1309 1139 1377 1208 per

252 1239 383 1319 pectus
403 1220 698 1293 transversaliter
718 1221 952 1292 tendebatur.
1012 1221 1096 1292 Non
1118 1236 1275 1292 noverat
1294 1219 1375 1318 ipse

252 1331 402 1401 beatum
447 1328 697 1408 Franciscum,
742 1327 809 1398 sed
848 1343 951 1399 tanto
982 1329 1266 1422 monstrat[um]
1312 1327 1376 1398 mi·

253 1434 379 1508 raculo
403 1460 490 1506 mox
520 1433 698 1531 cognovit
732 1434 918 1506 eumdem.
977 1433 1110 1506 Subito
1138 1451 1264 1505 autem
1302 1450 1376 1504 stu·

252 1543 421 1638 pelactus
454 1541 502 1612 ad
536 1539 834 1636 visum,‚incipit
864 1540 922 1611 vel
953 1540 987 1613 ln
1027 1540 1182 1637 longum
1222 1540 1376 1612 meliora
1409 1568 1450 1614 10

253 1674 474 1745 proponere.
533 1648 671 1718 Beatus
703 1672 794 1719 vero
830 1663 936 1743 pater
969 1674 1052 1720 eum
1083 1647 1203 1743 primo
1231 1648 1376 1744 praedi-

253 1771 355 1828 caret
375 1755 621 1827 communiter
641 1753 823 1828 omnibus„
838 1755 1005 1851 gladium
1033 1753 1136 1826 verbi
1162 1754 1234 1826 Dei
1259 1772 1377 1826 trans-

253 1864 362 1935 vertit
395 1861 430 1934 in
460 1861 661 1933 hominem.
747 1861 924 1933 Seorsum
956 1886 1117 1956 namque
1154 1861 1202 1933 de
1236 1861 1374 1933 saeculi

252 1970 417 2043 vanitate
454 1984 492 2040 et
535 1967 663 2039 mundi
711 1985 927 2064 contemptu
967 1966 1124 2039 dulciter
1162 1985 1378 2039 commonet

254 2076 365 2158 illum,
398 2100 441 2147 ac
469 2075 607 2147 deinde
637 2076 914 2147 transverberat
934 2100 998 2147 cor
1018 2074 1113 2147 illius
1133 2073 1258 2146 divina
1278 2100 1377 2146 com·
1411 2099 1449 2164 15

256 2183 431 2255 minando
476 2181 621 2253 iudicia.
685 2182 895 2277 Respondit
941 2182 1000 2253 ille
1037 2181 1233 2253 continuo:
1275 2181 1376 2275 Quid

255 2316 349 2387 opus
373 2290 460 2388 [est]
491 2288 597 2386 plura
625 2313 751 2361 serere
780 2288 917 2360 verba?
974 2287 1179 2360 Veniamus
1199 2287 1247 2359 ad
1268 2289 1374 2359 lacta.

255 2397 363 2470 Tolle
402 2421 461 2468 me
497 2396 544 2469 ab
581 2395 803 2479 bominibus,
837 2411 873 2466 et
903 2420 1043 2491 magno
1073 2420 1132 2468 me
1161 2394 1376 2491 imperatori

255 2503 419 2577 restitue.
477 2504 608 2576 Altera
637 2503 697 2574 die
727 2502 846 2574 induit
875 2528 960 2574 eum
990 2519 1151 2585 sanctus
1175 2503 1278 2574 etad
1302 2503 1376 2574 Dei

255 2637 387 2708 pacem
403 2612 596 2683 reductum
614 2611 763 2681 fratrem
781 2608 978 2681 Pacificum
996 2608 1210 2681 nominavit.
1256 2609 1378 2681 Huius
1409 2633 1453 2680 20

256 2717 451 2791 conversio
472 2742 518 2789 eo
548 2717 669 2814 magis
690 2717 944 2788 aedificatoria
974 2716 1040 2787 suit
1069 2714 1281 2800 multorum,
1303 2741 1378 2812 quo

255 2825 364 2898 latior
409 2825 528 2896 fuerat
570 2849 751 2896 vanorum
790 2824 899 2896 turba
937 2821 1129 2895 sodalium.
1197 2823 1379 2895 Gaudens

256 2931 434 3004 societate
463 2931 561 3004 beati
591 2932 706 3027 patris
736 2932 849 3003 frater
877 2929 1056 3003 Pacilicus
1084 2930 1222 3003 sentire
1251 2929 1379 3026 incipit

257 3064 350 3134 quas
379 3039 542 3109 nondum
573 3053 741 3110 senserat
774 3038 979 3110 unctiones.
1042 3038 1180 3109 Iterato
1217 3062 1378 3132 namque

255 3145 384 3217 videre
421 3144 646 3241 permittitur
684 3145 784 3240 quod
823 3144 904 3216 aliis
940 3145 1143 3217 velabatur.
1215 3144 1378 3240 Aspexit
1409 3165 1448 3230 25

257 3252 356 3324 enim
385 3268 471 3348 post
499 3277 618 3348 pauca
648 3276 827 3348 magnum
856 3251 1004 3347 signum
1034 3252 1128 3322 thaff
1152 3276 1265 3346 super
1283 3252 1379 3322 fron·

257 3376 332 3432 tem
362 3359 461 3431 beati
500 3358 698 3440 Francisci‚
730 3358 832 3454 quod
870 3357 1196 3430 diversicoloribus
1233 3357 1379 3430 circulis

258 3467 414 3562 pavonis
443 3465 755 3563 pulchritudinem
785 3465 1032 3561 praelerebat.

333 3702 478 3769 3.vadit
550 3702 574 3753 8.
596 3702 619 3752 A
641 3714 792 3753 monstrato
870 3717 908 3769 ¹7·
929 3702 953 3753 A
974 3718 1022 3752 orvi.
1043 3713 1082 3752 est
1160 3718 1196 3767 ¹9·
1218 3703 1246 3754 ,ll
1267 3700 1379 3754 Domini

260 3799 299 3835 22.
321 3784 349 3834 ,ll
369 3781 439 3835 lator
