3142 4875
276 366 390 416 LXXIV
693 363 973 413 PROLEGOMENA

638 465 666 472 .—

276 584 446 652 hominem
469 606 567 672 quem
591 604 649 670 pro
673 603 778 671 posse,
804 581 975 648 utilitatem
1001 603 1109 649 meam
1134 583 1300 661 omittens,
1324 582 1405 660 iuvi,
1452 651 1455 654 ,

278 711 311 758 et
333 692 387 781 qui
412 712 540 757 mecum
563 688 666 756 voluit
689 688 910 755 demonstrare
942 688 1165 755 curialitatem.
1221 688 1256 755 Si
1286 687 1407 756 librum

280 800 348 864 eius
371 798 542 886 aperueris,
566 796 631 864 fere
654 795 790 885 singulis
813 796 952 884 paginis,
977 795 1125 884 exempla
1148 794 1223 862 talia
1246 796 1406 877 invenies,

280 903 366 994 quod
392 905 431 972 de
451 903 534 971 illius
551 902 591 970 ad
608 903 667 970 hos
684 902 807 970 labores
823 902 997 970 idoneitate
1015 901 1184 970 dubitabis.
1202 903 1234 956 (¹)
1281 903 1322 970 V.
1339 927 1402 991 gn:

280 1014 359 1100 Leg.
384 1011 542 1099 Gregorii,
559 1033 589 1098 p.
603 1014 635 1092 6,
647 1010 679 1077 in
692 1010 892 1098 paragrapho
907 1010 959 1077 cui
971 1009 1097 1078 titulus:
1122 1036 1137 1072 t
1152 1009 1246 1076 Vana
1259 1008 1403 1077 doctrina

279 1139 482 1206 puerorum»
507 1117 585 1184 haec
609 1115 720 1184 habet:
746 1142 762 1179 e
782 1115 953 1195 Quoniam
969 1117 1029 1183 hec
1044 1115 1183 1204 pessima
1199 1115 1403 1183 consuetudo

280 1247 344 1291 una
367 1223 512 1291 doctrina
535 1244 709 1311 puerorum
738 1221 824 1310 apud
854 1245 911 1289 eos
943 1224 999 1311 qui
1031 1222 1224 1289 christiano.
1241 1273 1268 1288 ..
1285 1249 1316 1289 l).
1363 1223 1403 1290 In

281 1329 402 1411 codice,
418 1346 491 1418 post
506 1327 642 1396 verbum
663 1354 679 1391 t<
695 1328 926 1427 consuetudo»
947 1328 1081 1396 habetur
1096 1329 1227 1417 signum
1246 1332 1274 1410 i,
1289 1348 1402 1397 notam

280 1435 491 1525 marginalem
514 1433 670 1514 indicans,
695 1453 727 1500 et
750 1435 783 1501 in
801 1436 947 1523 margine
963 1433 1107 1502 scribitur
1130 1460 1146 1497 c
1158 1459 1241 1503 vana
1256 1435 1403 1504 doctrina

280 1565 499 1633 puerorum»,
515 1564 572 1608 seu
590 1541 701 1609 titulus
723 1539 931 1609 secundarius
954 1564 1052 1630 quem
1075 1564 1170 1630 supra
1192 1543 1309 1631 posuit.

347 1646 462 1716 Eidem
480 1649 618 1737 paginae
641 1666 719 1715 nota
744 1669 777 1734 3:
803 1647 856 1714 «E
881 1646 958 1714 adds
982 1647 1084 1737 (Cod.
1103 1648 1279 1718 'Ebroicem
1299 1648 1406 1740 addit)

281 1754 347 1821 licit
369 1754 508 1842 primi».
555 1754 657 1820 Porro
680 1755 714 1821 in
737 1752 849 1822 codice
873 1752 988 1820 habes:
1014 1755 1059 1822 Lc
1083 1778 1169 1842 pma,
1193 1778 1267 1823 seu:
1293 1757 1405 1824 Lectio

281 1862 401 1950 prima;
424 1878 456 1928 et
473 1878 571 1928 notae
595 1882 650 1947 13:
676 1861 741 1928 «M
756 1884 817 1928 nos
836 1860 1038 1948 apuerulias
1062 1860 1167 1928 sedin
1187 1863 1406 1952 manuscripto

281 1965 568 2055 Montepessulano
592 1966 668 2033 totis
691 1965 801 2033 litteris
824 1965 972 2033 scribitur
991 1992 1007 2030 a
1023 1967 1162 2055 puericia
1176 1994 1207 2035 a.

347 2074 427 2162 Pag.
455 2095 506 2154 11,
531 2090 608 2140 nota
627 2094 642 2159 3
667 2073 748 2140 inter
764 2075 940 2140 variantes:
966 2076 1021 2140 «Ε
1039 2075 1102 2140 and
1120 2075 1174 2154 W,
1194 2075 1311 2143 modus
1328 2098 1406 2143 con·

281 2181 466 2248 versionis»
496 2198 544 2246 ast
559 2181 591 2246 in
609 2178 720 2247 codice
737 2179 925 2247 Ebroicensi
940 2180 1057 2268 legitur
1076 2181 1222 2248 «modus
1241 2180 1407 2273 conv[er]·

281 2305 458 2355 sationis».

347 2394 419 2461 Alia
442 2391 550 2460 forent
582 2390 718 2473 citanda,
747 2410 797 2461 set
824 2391 884 2460 hiis
915 2411 1086 2462 contentus
1120 2416 1194 2463 sum
1225 2395 1300 2485 quia
1329 2413 1405 2464 ante

282 2501 395 2570 oculos
419 2500 533 2568 harum
557 2502 746 2589 paginarum
772 2502 951 2589 imaginem
976 2501 1264 2592 photographicam
1287 2502 1405 2584 habeo,

283 2627 314 2675 et
337 2625 437 2674 errata
461 2605 612 2674 editionis
636 2607 835 2695 Anglicanae
859 2609 1017 2695 corrigere
1040 2631 1108 2676 non
1131 2607 1275 2676 intendo.

351 2713 400 2780 De
425 2713 579 2802 Legenda
603 2714 635 2781 ll
659 2712 734 2802 quid
759 2712 889 2779 dicam?
934 2713 969 2781 Si
1000 2713 1145 2781 indicem
1182 2715 1408 2803 Capitulorum

283 2841 392 2886 sumas
416 2818 588 2910 (Legenda
613 2821 755 2907 antiqua,
777 2843 809 2907 p.
830 2818 864 2909 1)
883 2821 1042 2909 inprimis
1060 2836 1135 2887 octo
1154 2820 1246 2888 lineis
1264 2822 1408 2910 quinque

283 2947 404 2992 errores
426 2926 571 2992 invenire
595 2925 764 3013 poteris(²)
781 2946 812 2992 et
836 2926 861 2990 si
887 2925 925 2991 ab
950 2926 1044 2992 initio
1069 2925 1108 2993 ad
1132 2924 1232 2993 finem
1258 2929 1409 2994 transires

283 3033 315 3100 in
350 3032 539 3100 «Oratione
568 3032 732 3099 sociorum
769 3033 877 3099 Sancti
916 3031 956 3099 ad
991 3031 1143 3100 eumdem
1163 3057 1195 3115 n,
1229 3055 1291 3121 qua
1326 3055 1409 3122 opus

283 3137 495 3218 concluditur,
519 3137 643 3205 videres
667 3136 714 3226 (p.
744 3159 818 3218 110,
846 3159 886 3205 to
911 3137 967 3204 lin.
992 3156 1065 3205 ante
1090 3137 1206 3229 finem)
1231 3138 1319 3227 quod
1339 3163 1408 3206 me-

283 3244 373 3312 dium
396 3243 566 3333 periodum
590 3244 721 3324 omittit,
744 3247 810 3310 iam
832 3242 967 3333 quidem
991 3246 1023 3311 in
1041 3243 1250 3314 editionibus
1278 3244 1407 3314 Rinaldi

354 3546 396 3615 (1)
416 3546 546 3615 Legenda
566 3545 700 3616 Gregorii,
719 3565 744 3617 p.
763 3562 789 3612 4,
811 3547 908 3601 indicat
928 3548 1028 3601 litteras
1047 3549 1143 3620 quibus
1162 3549 1271 3603 codices
1290 3550 1317 3602 iu
1333 3552 1407 3604 notis
1453 3539 1457 3544 ’

283 3638 430 3708 signantur,
450 3650 477 3689 et
495 3637 530 3689 ibi
556 3636 637 3705 legis:
663 3638 697 3689 ll.
722 3635 845 3689 London.
875 3637 906 3690 L.
937 3637 1109 3709 Heidelberg.
1160 3639 1234 3692 Dum
1262 3657 1277 3692 e
1302 3652 1408 3705 contra,

283 3727 307 3779 H
328 3726 449 3795 designat
469 3725 688 3794 lleildelbetgen.
708 3737 734 3777 et
753 3724 781 3778 L.
803 3724 955 3780 Londinen.

353 3817 394 3885 (a)
406 3815 449 3867 Bis
460 3815 555 3883 legitur
568 3833 582 3863 u
593 3815 762 3867 continentur
774 3834 788 3864 »
800 3830 863 3884 pro:
878 3816 1047 3880 continetur3
1059 3815 1199 3887 «qualitur
1209 3836 1235 3879 a,
1246 3832 1308 3886 pto:
1320 3816 1411 3888 quali·

283 3920 338 3968 ter3
352 3906 474 3974 «etipse
488 3904 521 3957 de
534 3906 629 3972 ipso»,
643 3920 705 3974 pro:
720 3906 802 3956 etiam
818 3906 873 3974 ipse
889 3904 921 3957 de
936 3922 966 3957 se
981 3905 1050 3974 ipso
1060 3936 1095 3945 -
1107 3907 1173 3976 Pag.
1183 3905 1208 3969 8,
1222 3906 1317 3960 ultima
1331 3906 1411 3975 linea,

282 3993 321 4046 bis
336 4013 349 4043 t(
361 3992 463 4046 dudum
476 4012 490 4043 a
504 3993 605 4056 scribit,
616 3992 681 4046 licet
695 3995 723 4046 in
734 3992 793 4045 cod.
808 3994 869 4046 Ass.
884 3994 971 4064 prima
982 3994 1042 4047 vice
1053 3994 1119 4048 illud
1133 3995 1246 4048 verbum
1259 3997 1294 4049 sit
1306 3996 1411 4066 punctis

282 4082 375 4135 subtus
394 4081 489 4152 positis
510 4093 657 4135 cassatum.
677 4111 710 4119 —
730 4081 796 4152 Pag.
816 4095 841 4151 9,
861 4083 888 4133 in
909 4099 967 4152 cap.
988 4083 1022 4135 de
1042 4084 1234 4137 Conuersione
1250 4085 1315 4149 eius,
1332 4100 1344 4155 3
1362 4084 1410 4138 lin.

282 4189 338 4225 om.
348 4191 361 4221 e
370 4172 449 4224 citius
461 4190 484 4235 a,
495 4187 558 4223 nam
570 4171 717 4236 legendum
730 4184 782 4223 est:
797 4190 810 4219 κ
821 4171 870 4223 toti
882 4171 960 4225 citius
970 4172 1156 4227 innotesceret
1165 4174 1225 4226 orbi
1234 4174 1370 4245 ».-Pag.
1380 4191 1408 4229 11

283 4261 353 4314 circa
367 4262 455 4314 med:
471 4260 596 4330 «Sacipit
609 4258 795 4313 transformari
808 4281 830 4323 a,
844 4260 909 4312 dum
927 4263 954 4313 in
968 4262 1030 4316 cod.
1042 4264 1105 4317 Ass.
1122 4280 1153 4316 ex
1167 4279 1257 4316 errore
1272 4262 1345 4317 illius
1366 4264 1411 4335 qui

282 4349 428 4421 capitalem
453 4349 571 4403 litteram
591 4348 738 4401 delineavit
758 4348 870 4418 legitur:
892 4350 1008 4420 Sncipit,
1028 4368 1089 4422 pro:
1111 4352 1216 4423 Incipit.
1235 4382 1265 4393 -
1280 4352 1345 4424 Pag.
1369 4369 1410 4419 12,
1497 4374 1498 4377 ¹

283 4450 344 4509 post
363 4439 497 4491 medium:
519 4438 708 4491 «Miratus...
729 4439 892 4509 principis»,
912 4441 959 4493 sed
979 4441 1006 4493 in
1028 4441 1087 4495 cod.
1103 4441 1265 4512 principum,
1285 4454 1336 4495 etc.
