3142 4875
611 352 716 401 BEATI
744 350 929 399 FRhNClSCI

303 655 383 792 [Dr
409 652 669 765 similitudine
689 717 801 786 quam
820 715 942 762 coram
970 691 1116 762 domino
1142 690 1250 788 Papa

593 806 820 905 proposuit]
876 805 942 877 Xl.

300 1027 358 1094 16.
389 1020 580 1118 Tempore
608 1045 683 1117 quo
702 1021 750 1093 ad
769 1021 972 1117 petendam
989 1010 1089 1093 ¹vitae
1109 1044 1199 1091 suae
1226 1044 1334 1115 regu-

215 1129 288 1202 lam
317 1155 358 1201 se
387 1154 471 1200 cum
500 1127 576 1200 suis
605 1152 730 1200 coram
767 1129 869 1223 Papa
906 1126 1124 1199 Innocentio
1160 1151 1333 1224 praesen·

164 1263 184 1327 5
215 1238 317 1317 tavit,
341 1261 424 1307 cum
450 1234 531 1307 eius
558 1259 670 1331 supra
699 1232 797 1306 vires
824 1232 1055 1330 propositum
1085 1233 1333 1306 conversatio-

216 1344 274 1415 nis
302 1344 403 1439 Papa
430 1342 584 1426 videret,
616 1342 712 1414 sicut
748 1341 862 1413 homo
904 1340 1128 1413 discretione
1171 1340 1334 1413 maxima

215 1449 417 1547 praeditus
449 1447 542 1521 dixit
569 1448 618 1522 ad
646 1473 750 1520 eum:
782 1447 871 1532 Ora,
902 1446 961 1531 fili,
983 1447 1032 1519 ad
1061 1446 1261 1531 Christum,
1294 1463 1334 1519 ut

215 1582 321 1629 suam
360 1556 468 1629 nobis
504 1581 571 1652 per
606 1572 644 1628 te
672 1556 902 1628 voluntatem
939 1555 1124 1638 ostendat,
1165 1580 1239 1649 qua
1275 1578 1334 1626 co-

215 1664 331 1762 gnita,
361 1664 435 1735 tuis
463 1663 533 1759 piis
562 1661 756 1735 desideriis
783 1661 951 1735 securius
977 1686 1196 1733 annuamus.
1253 1660 1315 1732 An

143 1797 184 1842 10
217 1769 298 1842 nuit
327 1785 478 1842 sanctus
507 1769 642 1841 summi
684 1768 845 1865 pastoris
885 1768 1073 1850 mandato,
1118 1766 1336 1843 fiducialiter

216 1877 332 1949 currit
345 1876 394 1948 ad
415 1876 616 1949 Christum.
667 1876 761 1948 Orat
781 1875 972 1959 instanter,
995 1890 1033 1946 et
1059 1874 1107 1947 ad
1127 1875 1335 1971 supplican-

216 1985 306 2056 dum
326 1983 414 2056 Deo
429 1984 565 2056 devote
584 1983 707 2055 socios
720 1983 949 2055 exhortatur.
1008 1981 1110 2074 Quid
1124 1980 1249 2078 plura?
1264 1981 1335 2054 Re-

217 2115 396 2186 sponsum
427 2091 570 2163 orando
599 2105 765 2186 reportat
784 2105 821 2161 et
841 2089 954 2161 refert
972 2088 1054 2160 liliis
1074 2112 1171 2161 nova
1194 2088 1332 2161 salutis.

217 2197 427 2270 Familiaris
467 2195 642 2270 allocutio
685 2196 823 2268 Christi
852 2195 889 2268 in
922 2193 1109 2291 parabolis
1151 2193 1330 2268 noscitur:

143 2332 184 2397 15
216 2305 424 2387 Francisce,
448 2302 575 2399 inquit,
598 2303 651 2376 sic
671 2303 774 2376 dices
793 2303 841 2375 ad
860 2303 1011 2397 Papam.
1069 2300 1205 2374 Mulier
1224 2327 1333 2397 quae-

216 2413 302 2484 dam
344 2410 571 2508 paupercula
612 2411 679 2484 sed
721 2411 884 2484 lormosa
912 2411 948 2482 in
977 2409 1141 2505 quodam
1183 2409 1332 2482 deserto

217 2520 402 2591 manebat.
459 2518 662 2591 Adamavit
690 2543 774 2591 earn
804 2543 870 2589 rex
889 2516 1040 2613 quidam
1061 2517 1110 2589 ob
1130 2515 1331 2589 maximum

215 2625 311 2697 illius
330 2627 517 2702 decorem.
566 2624 764 2698 Contraxit
783 2650 867 2697 curn
887 2650 933 2697 ea
952 2639 1155 2721 gratanter,
1183 2640 1220 2697 et
1239 2623 1333 2697 filios

216 2757 338 2804 exea
379 2732 661 2804 venustissimos
689 2732 831 2828 genuit.
888 2728 1052 2803 Adultos
1081 2729 1154 2803 iam
1183 2730 1264 2803 illos
1296 2749 1335 2803 et

163 2868 185 2913 o
217 2838 388 2911 nobiliter
416 2838 596 2912 educatos
624 2855 752 2931 mater.
770 2837 988 2933 alloquitur:
1028 2836 1164 2921 Nolite,
1203 2837 1331 2933 inquit,

216 2946 472 3029 verecundari,
504 2944 640 3030 dilecti,
670 2971 717 3017 eo
754 2944 856 3040 quod
891 2969 1077 3041 pauperes
1118 2943 1206 3028 sitis,
1247 2969 1332 3016 nam

217 3051 314 3125 illius
344 3051 507 3150 [magni]
537 3053 639 3149 regis
680 3051 770 3124 estis
811 3051 874 3124 filii
903 3076 1045 3125 omnes.
1102 3051 1166 3123 Ad
1194 3051 1332 3125 curiam

217 3159 299 3232 eius
326 3158 417 3232 itote
450 3160 670 3257 gaudentes
702 3175 740 3231 et
781 3159 829 3231 ab
858 3157 940 3255 ipso
975 3157 1083 3231 vobis
1125 3158 1334 3231 necessaria

216 3264 413 3363 postulate.
471 3266 682 3338 Audientes
710 3265 782 3338 hoc
811 3263 860 3339 illi
881 3265 1060 3337 mirantur
1087 3283 1125 3337 et
1153 3267 1330 3362 gaudent,

139 3406 160 3451 2
163 3406 185 3470 5
216 3388 254 3445 et
270 3372 397 3470 regiae
410 3373 533 3470 stirpis
549 3372 731 3445 sublevati
746 3373 941 3469 promisso,
960 3373 1102 3444 futuros
1117 3397 1157 3444 se
1173 3373 1333 3446 scientes

216 3480 409 3564 haeredes,
441 3505 591 3552 ornnem
620 3479 784 3577 inopiam
813 3478 960 3552 divitias
979 3495 1163 3576 reputant.
1221 3481 1332 3553 Prae-

216 3602 366 3659 sentant
394 3612 435 3659 se
464 3587 544 3684 regi
573 3588 760 3669 audacter,
794 3612 863 3660 nec
891 3602 1029 3682 pavent
1057 3587 1197 3658 vultum
1230 3586 1333 3659 cuius

216 3692 374 3766 similem
421 3709 573 3791 gestant
620 3692 834 3790 imaginem.
893 3693 1058 3790 Cognita
1104 3718 1170 3764 rex
1211 3691 1333 3764 simili-

216 3800 344 3873 tudine
387 3799 519 3873 suain
562 3800 642 3881 illis,
685 3800 789 3894 cuius
827 3816 954 3872 essent
983 3799 1044 3873 filii
1074 3800 1243 3871 mirando
1271 3824 1333 3871 ex-

140 3941 183 4006 30
216 3907 338 4003 quirit.
369 3907 544 4000 Quicum
565 3906 728 3980 mulieris
744 3906 838 3980 illius
858 3906 1106 4003 pauperculae
1127 3906 1163 3977 in
1183 3907 1332 3978 deserto

217 4016 395 4087 morantis
423 4040 464 4087 se
493 4014 587 4086 filios
615 4014 855 4098 affirmarent,
883 4014 1102 4110 amplexans
1123 4015 1222 4108 [eos]
1244 4038 1329 4085 rex:

288 4255 379 4293 11·12.
400 4242 427 4294 M
448 4259 496 4294 om.
516 4241 549 4294 ad
566 4251 587 4294 et
603 4242 647 4312 lag.
663 4241 853 4313 supplicandus
927 4257 967 4293 zo.
985 4242 1005 4292 R
1022 4241 1119 4293 mulier
1193 4256 1286 4293 20-21.
1303 4241 1336 4294 Μ

212 4320 480 4392 inquit,filii‚vercc.
555 4323 812 4392 22.Aom.magni
869 4321 1079 4389 naumurum
1135 4323 1332 4392 alligarunt

215 4417 253 4469 30.
275 4402 305 4453 ,u
319 4418 369 4453 om.
387 4400 566 4473 pauperculae
641 4419 680 4472 31.
701 4405 723 4456 Α
744 4421 792 4455 orn.
813 4418 861 4455 eos
