3142 4875
403 982 1085 1089 PROLEGOMENA

663 1200 822 1208 ———-

618 1480 801 1547 CAPUT
837 1480 870 1547 I.

455 1641 507 1707 Du
531 1661 656 1707 enorme
679 1640 810 1708 Tuom
835 1666 854 1707 a
879 1642 1030 1710 Centho,

241 1874 268 1940 Ι.
297 1871 348 1938 Dr
371 1872 475 1960 patrio
498 1872 545 1962 st.
571 1871 712 1938 Tbomue.
736 1912 781 1921 -
805 1874 968 1959 Aprutinis
1003 1873 1034 1939 in
1067 1873 1208 1961 partibus
1237 1874 1302 1942 duo

170 1997 249 2045 sunt
270 1975 394 2065 oppida
412 1997 550 2065 quorum
570 1998 692 2043 nomen
713 1978 842 2064 vulgate
862 1979 945 2045 idem
968 1978 1033 2045 fere
1052 1999 1146 2045 sonat
1162 1998 1193 2045 et
1208 2002 1300 2068 quae,

169 2087 248 2153 licet
269 2107 341 2152 non
362 2104 456 2166 recte,
470 2083 587 2150 eodem
607 2084 707 2152 latino
723 2083 882 2153 vocabulo
902 2084 989 2153 fuere
1009 2085 1137 2163 donata,
1155 2086 1302 2153 videlicet

173 2193 295 2260 Gaiano
322 2191 354 2257 in
380 2190 516 2257 dioecesi
543 2191 721 2259 Marsicana
750 2213 781 2258 et
807 2192 922 2258 Celliuo
951 2194 984 2259 in
1008 2193 1190 2281 episcopatu
1220 2195 1302 2259 Pen-

170 2299 321 2367 nensi.(¹)
368 2298 417 2364 De
439 2318 581 2386 quonam
608 2321 684 2364 vero
708 2321 819 2366 eorum
851 2299 999 2367 locorum
1028 2298 1121 2366 fuerit
1148 2299 1301 2367 oriundus

169 2427 289 2475 noster
301 2403 463 2485 Thomas,
479 2427 496 2470 a
515 2404 644 2473 saeculo
665 2425 733 2472 xvir
755 2408 840 2474 inter
858 2407 1028 2495 scriptores
1048 2427 1117 2474 orta
1136 2426 1183 2475 est
1204 2430 1301 2497 quae·

169 2515 246 2579 stio.
302 2509 369 2590 Qui
387 2509 426 2577 de
443 2504 573 2577 historia
590 2530 622 2577 et
637 2510 677 2577 de
693 2512 765 2577 viris
780 2513 951 2580 illustribus
969 2516 1150 2581 Marsorum
1170 2517 1302 2602 scripse-

170 2639 250 2687 runt
277 2618 424 2684 illumin
451 2617 563 2684 Ceiauo
594 2639 701 2685 ortum
732 2619 881 2687 habuisse
909 2621 1073 2700 volones>
1093 2622 1144 2688 alii
1169 2621 1300 2709 quidam

171 2751 253 2794 eum
281 2748 299 2791 a
325 2725 441 2792 Celliuo
465 2725 585 2804 dicunt,
601 2726 651 2793 vel
675 2727 749 2815 quia
771 2727 814 2793 ibi
840 2727 950 2797 habuit
973 2748 1091 2809 ortum,
1112 2729 1163 2796 vel
1186 2730 1259 2818 quia
1282 2753 1300 2796 e

171 2837 292 2903 Penna
320 2833 475 2901 oriundus
499 2835 561 2901 hoc
585 2834 617 2901 in
641 2835 715 2903 loco
740 2836 798 2903 fuit
828 2838 859 2915 iu
888 2837 1035 2905 ordinem
1064 2839 1209 2905 Fratrum
1239 2839 1301 2903 Mi·

170 2964 299 3010 norum
322 2944 542 3028 cooptatus.(³)

244 3048 452 3136 Antiquiotes
475 3072 580 3115 rerum
606 3046 838 3117 franciscalium
869 3052 1037 3138 scriptores
1064 3070 1150 3118 certo
1179 3050 1300 3139 primae

172 3156 290 3223 favent
321 3156 480 3243 opinioni,
503 3157 545 3223 ita
568 3156 605 3222 fr.
631 3156 815 3225 Salimbene
841 3159 1032 3239 Parmensis,
1057 3181 1074 3223 a
1098 3181 1164 3247 quo
1188 3157 1301 3225 dicitur

172 3261 330 3328 Thomas
354 3259 394 3327 de
419 3261 604 3328 Cellano.(⁴)
649 3262 806 3330 Iordanus
830 3287 847 3329 a
867 3266 958 3345 Iano,
977 3266 1031 3353 qui
1056 3287 1132 3331 eum
1156 3284 1298 3346 noverat,

173 3367 286 3435 scribit
309 3366 349 3434 de
374 3369 540 3435 zetanoot
564 3388 596 3437 et
618 3372 652 3437 in
678 3370 848 3437 Chronicis
876 3374 1047 3457 anonymis
1079 3371 1211 3438 fratrum
1240 3372 1299 3437 mi-

172 3497 297 3542 norum
322 3474 514 3541 Germaniae
537 3474 653 3563 legitur
669 3475 817 3543 Thomas
841 3476 880 3544 de
904 3479 1033 3545 Zelchio
1058 3478 1108 3545 vel
1129 3478 1300 3546 Celunoffl)

250 3654 294 3721 (1)
315 3652 404 3705 Hodie
424 3652 521 3706 Cellitro
540 3655 682 3709 ΑΗαηαςίο.

250 3746 294 3810 (2)
312 3741 386 3795 Inter
398 3760 465 3813 quos
476 3742 601 3797 Feeouro
612 3759 638 3797 et
649 3745 832 3800 Cousruuaur
844 3764 959 3817 quorum
974 3764 1054 3818 opera
1069 3757 1163 3817 postea
1175 3747 1298 3799 citantur.

249 3834 292 3900 (ς)
313 3830 414 3894 Tomi,
429 3844 456 3891 et
472 3831 569 3883 ultimo
586 3832 616 3885 P.
631 3832 767 3897 Barocco,
783 3835 816 3886 de
832 3836 928 3905 quibus
946 3835 1012 3888 infra
1029 3836 1126 3897 dicam,
1143 3846 1169 3889 et
1185 3834 1237 3885 alii.

248 3922 292 3988 (4)
313 3918 440 3973 Chronico
453 3921 548 3991 fratris
565 3922 705 3976 Sulimhene
718 3925 859 3978 Parmensis
871 3926 903 3979 Ο.
920 3927 956 3979 Μ.
968 3927 1079 3990 Parma,
1098 3928 1172 3993 1857,
1187 3942 1212 3995 p.
1224 3924 1266 3978 68.
1284 3954 1299 3964 ·

175 4008 283 4061 Auctor
302 4008 391 4062 adhuc
410 4008 543 4062 scribebat
561 4027 634 4063 anno
657 4013 731 4065 1288.

249 4099 292 4165 (j)
313 4098 440 4152 Chronico
454 4100 549 4170 scutris
567 4101 672 4154 Iordunr'
687 4121 702 4154 a
719 4102 781 4155 Iuno
802 4103 855 4157 ord.
872 4103 920 4160 Fr.
937 4105 1010 4167 Mira,
1023 4122 1064 4174 ap.
1079 4106 1201 4158 Analecta
1215 4104 1300 4157 Fruu-

177 4188 287 4252 tircano,
299 4198 366 4239 tom.
378 4186 398 4252 I,
413 4187 455 4240 Ad
469 4187 564 4241 Clarus
575 4190 677 4260 Aquas,
692 4191 766 4261 1885,
777 4210 801 4262 p.
813 4194 836 4252 8,
848 4211 873 4245 n.
889 4208 912 4245 2.
926 4193 1054 4263 -Scripta
1068 4205 1129 4246 sunt
1140 4210 1211 4246 anno
1225 4192 1299 4246 1262.

248 4273 291 4339 (6)
311 4274 342 4327 In
362 4276 461 4329 eodem
480 4281 755 4344 tomorinolectorum,
771 4298 795 4350 p.
811 4282 896 4335 281.-
926 4281 975 4335 illa
996 4281 1135 4335 Chronica
1155 4281 1238 4333 multa
1260 4298 1300 4334 re·

179 4375 280 4431 petunt,
296 4361 352 4417 fere
365 4365 398 4417 ad
412 4366 531 4431 verbum,
544 4385 614 4438 quae
629 4368 756 4437 leguntur
769 4370 795 4422 in
808 4387 889 4441 opere
908 4372 948 4423 Fr.
963 4371 1078 4423 Iordani.
1116 4372 1190 4423 Idem
1210 4371 1299 4422 dicen·

180 4453 243 4508 dum
260 4454 294 4507 de
311 4454 443 4510 Chronicis
456 4457 549 4528 fratris
566 4459 668 4513 Nicator·
686 4459 852 4530 Glossber‘gm
868 4460 938 4526 ipio,
954 4472 1019 4514 tom.
1035 4460 1069 4525 ΙΙ,
1090 4460 1163 4529 1887.
