3142 4875
585 322 688 370 uuntt
718 323 901 373 FRANCISCI

201 428 376 436 —-—-——.
384 430 533 437 ----—-

185 578 283 624 num.
343 552 515 649 Cumque
543 553 676 626 diebus
703 553 856 625 aestivis
875 554 995 626 virum
1016 555 1088 626 Dei
1110 557 1304 651 sequendo

183 675 360 732 montana
375 662 646 733 conscenderet
659 659 829 741 rusticus
847 659 1047 756 asperioris
1067 677 1104 733 et
1125 662 1304 760 longioris

183 765 264 837 viae
285 767 417 839 itinere
437 766 625 864 fatigatus
647 781 849 863 antequam
871 768 1084 862 perveniret
1098 768 1146 840 ad
1166 770 1300 852 locum,

182 874 315 946 ardore
336 873 416 945 sitis
436 873 562 946 deficit
581 890 618 945 et
634 871 801 945 lassatur.
861 873 1008 946 Clamat
1028 892 1114 971 post
1133 893 1302 948 sanctum

139 1004 153 1067 5
181 979 374 1062 instanter,
408 997 445 1053 et
474 996 513 1052 ut
541 979 596 1052 sui
627 980 847 1053 misereatur
865 997 1007 1053 exorat.
1066 982 1162 1054 Nlori
1188 1008 1228 1054 se
1247 1008 1289 1055 as

182 1087 279 1168 serit,
312 1086 380 1160 nisi
410 1086 562 1160 alicuius
592 1087 714 1183 poculi
742 1087 926 1159 beneficio
955 1105 1154 1161 recreetur.
1213 1089 1302 1161 San·

181 1207 262 1265 ctus
282 1195 366 1275 Dei,
388 1194 450 1289 qui
470 1193 617 1267 afflictis
636 1219 785 1290 semper
800 1211 881 1266 erat
900 1194 1142 1291 compatiens,
1159 1196 1302 1292 absque

181 1325 284 1371 mora
314 1299 493 1395 prosilivit
521 1302 569 1372 de
597 1301 714 1382 asin0,
745 1318 782 1372 et
812 1301 895 1373 fixis
924 1302 959 1372 in
993 1318 1092 1374 terra
1128 1302 1298 1399 genibus

179 1408 323 1502 palmas
350 1407 509 1480 tetendit
536 1408 584 1480 ad
613 1405 768 1491 caelum,
790 1433 897 1481 orare
918 1434 992 1481 non
1009 1434 1160 1481 cessans
1180 1410 1301 1482 donec

110 1541 152 1587 10
179 1538 219 1585 se
251 1514 431 1587 intellexit
458 1513 637 1587 auditum.
691 1514 854 1598 Festina,
886 1514 1006 1610 inquit
1032 1516 1080 1587 ad
1109 1516 1299 1601 rusticum,

180 1637 218 1692 et
246 1619 316 1692 illic
345 1647 480 1717 aquam
509 1620 632 1694 vivam
661 1619 839 1702 invenies,
867 1647 980 1718 quam
1009 1622 1074 1695 tibi
1106 1624 1175 1695 hac
1210 1623 1301 1695 hora

180 1726 468 1800 misericorditer
487 1728 658 1801 Christus
678 1730 725 1800 de
746 1727 869 1824 lapide
890 1729 1090 1801 bibendam
1111 1730 1297 1826 produxit.

179 1833 373 1931 Stupenda
402 1836 473 1907 Dei
503 1835 683 1932 dignatio,
714 1861 810 1931 quae
840 1834 957 1907 servis
985 1836 1061 1907 suis
1089 1851 1164 1908 tam
1194 1836 1301 1909 facile

179 1966 218 2013 se
247 1939 416 2014 inclinat!
475 1942 573 2014 Bibit
602 1942 761 2014 rusticus
790 1967 927 2036 aquam
956 1942 1004 2013 de
1025 1958 1130 2038 petra
1159 1940 1300 2015 orantis

108 2079 146 2142 15
177 2047 323 2129 virtute,
347 2064 384 2119 et
405 2048 579 2144 poculum
600 2049 723 2120 hausit
738 2051 784 2120 de
801 2074 894 2120 saxo
910 2048 1120 2120 durissimo.
1164 2048 1301 2144 Aquae

178 2154 357 2226 decursus
374 2155 524 2240 ibidem
553 2171 641 2227 ante
662 2180 735 2226 non
756 2155 832 2236 fuit,
864 2180 942 2238 nec,
966 2170 1081 2227 otest
1101 2154 1302 2252 diligenter

178 2261 398 2357 quaesitum,
430 2262 609 2357 deinceps
638 2262 758 2357 potuit
786 2262 954 2334 inveniri.

264 2373 319 2440 16.
351 2368 551 2442 Galianum
582 2387 743 2441 castrum
769 2383 827 2441 est
856 2368 1078 2466 populosum
1109 2384 1147 2441 et
1176 2368 1300 2453 nobile

179 2476 213 2547 in
245 2475 420 2549 Valvensi
450 2475 625 2559 dioecesi,
666 2476 702 2549 in
731 2502 807 2572 quo
836 2493 916 2548 erat
955 2475 1086 2548 mulier
1113 2479 1299 2572 quaedam

103 2614 148 2660 zo
177 2583 297 2655 Maria
327 2583 487 2665 nomine,
520 2608 617 2677 quae
647 2609 714 2678 per
743 2582 914 2655 difficiles
936 2583 1043 2655 huius
1063 2582 1200 2656 saeculi
1223 2585 1300 2656 uias

177 2691 224 2761 ad
254 2690 378 2762 Deum
409 2715 590 2761 conversa
618 2708 750 2762 sancto
770 2689 972 2762 Francisco
997 2690 1097 2761 omni
1119 2715 1160 2762 se
1180 2691 1300 2763 subie-

178 2816 279 2869 cerat
308 2796 498 2874 lamulatu.
555 2796 660 2869 llaec
690 2823 774 2869 cum
805 2797 840 2868 in
866 2815 991 2868 monte
1012 2798 1175 2891 quodam
1197 2796 1299 2869 omni

176 2928 356 2999 aquarum
386 2903 558 2976 ariditate
586 2905 774 2985 damnato,
808 2929 881 2974 una
901 2903 1044 2974 dierum
1066 2905 1296 2987 accessisset,

175 3036 286 3082 acera
305 3011 462 3083 virentia
483 3030 695 3107 purgatura,
715 3010 829 3082 oblita
845 3035 971 3082 secum
987 3036 1122 3105 aquam
1139 3011 1296 3091 deferre,

103 3146 143 3211 25
177 3116 343 3189 fervente
364 3117 514 3189 nimium
537 3134 652 3199 aestu,
672 3116 750 3189 sitis
766 3116 927 3188 deficere
947 3118 1071 3212 coepit
1089 3118 1296 3191 ardoribus.

177 3216 287 3317 Quae
316 3250 399 3295 cum
435 3224 505 3296 iam
545 3225 691 3319 operari
722 3224 770 3295 nil
801 3241 939 3320 posset,
972 3224 1078 3318 quasi
1116 3223 1300 3295 exanimis

177 3329 213 3403 in
234 3331 348 3403 humo
369 3331 504 3408 iacens.
521 3350 720 3427 patronum
741 3356 849 3402 suum
870 3348 1039 3402 sanctum
1058 3331 1297 3402 Franciscum

177 3437 300 3532 coepit
318 3438 444 3510 animo
475 3440 659 3510 invocare.
718 3438 779 3509 Sic
801 3437 914 3534 igitur
934 3436 1088 3532 fatigata
1109 3435 1298 3532 paululum

177 3542 411 3616 obdormivit.
471 3545 519 3616 Et
547 3569 636 3616 ecce
664 3561 816 3616 sanctus
846 3545 1067 3615 Franciscus
1093 3544 1299 3615 adveniens

105 3680 147 3745 30
176 3675 258 3723 eam
274 3652 423 3723 vocavit
437 3677 484 3722 ex
501 3652 671 3724 nomine:
690 3651 824 3747 Surge,
842 3650 970 3745 inquit,
988 3667 1026 3720 et
1047 3649 1132 3720 bibe
1148 3674 1295 3744 aquam,

176 3783 272 3853 quae
288 3757 352 3829 tibi
368 3759 494 3830 divino
510 3783 664 3830 munere
684 3774 722 3830 et
741 3757 907 3854 pluribus
923 3755 1130 3827 exhibetur.
1190 3755 1298 3828 Osci-

176 3863 269 3937 tavit
297 3864 427 3937 mulier
442 3864 489 3936 ad
506 3865 602 3937 hanc
618 3890 761 3947 vocem,
783 3881 822 3935 et
837 3888 970 3935 somno
999 3886 1171 3957 repressa
1199 3861 1298 3958 quie·

177 3971 237 4043 vit.
305 3971 442 4043 Adhuc
477 3973 591 4044 semel
628 3987 772 4050 vocata,
807 3985 962 4065 gravata
1000 3968 1152 4040 nimium
1184 3970 1298 4040 humo

176 4077 363 4150 relabitur.
422 4077 551 4150 Tertio
574 4104 662 4150 vero
677 4077 796 4150 sancti
817 4076 993 4148 mandato
1016 4100 1088 4148 non
1112 4077 1298 4148 modicum

107 4212 145 4279 35
176 4185 383 4258 confortata
427 4185 596 4257 surrexit.
671 4185 718 4255 Et
754 4184 943 4279 accipiens
984 4183 1163 4278 [s]ilicem
1203 4208 1299 4279 quae

250 4426 289 4481 35.
310 4412 354 4474 M,
376 4412 429 4465 AB
447 4412 551 4466 silicem
608 4412 687 4483 quae]
709 4410 762 4461 AB
781 4412 825 4481 qul

262 4616 296 4668 23
