3142 4875
610 335 714 384 unum
742 333 929 383 rnnucrsct
1254 328 1327 399 343

1062 439 1330 449 ———-—-

208 595 356 642 crucem
385 567 539 640 Domini
559 570 795 651 versabatur;
827 584 905 640 eta
933 568 1125 665 primaevo
1151 569 1331 666 temporis

207 701 283 772 quo
312 674 500 748 Crucifixo
529 690 704 771 coeperat
738 675 906 758 militare,
937 673 1083 747 diversa
1113 676 1210 748 circa
1243 701 1330 748 eum

207 782 327 855 crucis
356 782 534 876 mysteria
562 782 843 877 praefulserunt.
903 782 999 854 Cum
1035 781 1133 855 enim
1165 782 1201 854 in
1230 783 1331 878 prin-

208 889 305 986 cipio
334 914 425 962 suae
454 888 708 961 conversionis
736 887 834 962 vitae
864 888 973 961 huius
993 887 1174 961 illecebris
1193 890 1298 962 valef
1319 934 1329 946 -

161 1025 175 1090 5
208 1021 294 1069 cere
331 996 569 1078 decrevisset,
610 1011 778 1069 orantem
817 1021 902 1068 eum
941 995 1111 1068 Christus
1148 997 1196 1069 de
1225 996 1329 1093 ligno

208 1102 328 1175 crucis
357 1102 565 1198 alloquitur,
594 1119 632 1175 et
660 1103 708 1174 ab
737 1101 852 1199 ipsius
880 1128 945 1175 ore
975 1102 1148 1200 imaginis
1167 1128 1239 1175 vox
1259 1102 1330 1175 ista

208 1209 400 1283 dilabitur:
442 1210 651 1294 Francisce‚
691 1208 819 1305 inquit,
859 1211 966 1292 vade,
1005 1234 1139 1305 repara
1176 1211 1328 1283 domurn

208 1341 341 1399 meam,
373 1341 480 1412 quae,
512 1332 553 1387 ut
589 1317 719 1398 cernis
758 1333 837 1388 tota
873 1315 1085 1388 destruitur.
1144 1315 1203 1388 Eri
1241 1332 1328 1389 tunc

208 1422 394 1520 profundo
409 1422 624 1495 charactere
644 1422 826 1519 impressa
845 1421 912 1494 suit
932 1422 1032 1495 cordi
1053 1422 1134 1495 eius
1150 1424 1330 1496 memoria

141 1560 179 1606 ιο
208 1529 419 1603 dominicae
447 1528 641 1626 passionis,
664 1546 702 1602 et
728 1529 804 1603 alta
833 1528 868 1602 in
897 1554 982 1602 sese
1010 1530 1254 1602 conversione
1274 1555 1329 1603 re·

208 1636 330 1720 ducta,
361 1635 541 1732 liquefieri
571 1636 694 1733 coepit
721 1638 846 1710 anima
875 1637 964 1720 eiuS,
988 1652 1027 1709 ut
1056 1636 1213 1710 dilectus
1232 1635 1329 1710 locu·

208 1760 267 1816 tus
295 1760 363 1815 est.
420 1744 557 1816 Nonne
585 1742 697 1816 etiam
726 1743 762 1815 in
794 1742 874 1840 ipsa
902 1769 943 1816 se
972 1769 1082 1816 cruce
1119 1743 1326 1829 recludens
1409 1761 1415 1774 ’

207 1848 374 1923 habitum
394 1849 647 1946 poenitentiae
676 1850 844 1946 sumpsit,
863 1849 982 1922 crucis
1002 1849 1204 1946 imaginem
1225 1875 1329 1947 prae-

208 1956 413 2029 ferentem?
462 1956 536 2050 Qui
557 1957 705 2030 habitus
724 1956 810 2030 licet
825 1982 892 2052 pro
909 1983 954 2030 eo
970 1956 1071 2053 quod
1088 1957 1209 2054 magis
1229 1972 1329 2030 esset

140 2093 177 2158 15
206 2062 375 2136 aemulus
394 2062 634 2160 paupertatis,
659 2064 779 2160 magis
798 2089 867 2135 suo
886 2062 1079 2160 proposito
1100 2062 1326 2148 conveniret,

206 2170 289 2266 plus
309 2186 433 2242 tamen
464 2171 499 2241 in
530 2195 576 2242 eo
595 2189 746 2242 sanctus
774 2169 893 2243 crucis
922 2169 1139 2264 mysterium
1161 2194 1328 2267 compro-

206 2276 318 2358 bavit,
341 2293 526 2371 quatenus
556 2294 594 2347 ut
623 2302 729 2349 mens
759 2276 839 2348 eius
868 2277 964 2349 intro
984 2275 1189 2349 Dominum
1214 2277 1328 2349 cruci·

207 2383 320 2456 fixum
350 2383 532 2465 induerat,
550 2385 602 2457 sic
622 2399 741 2457 totum
763 2408 899 2481 corpus
918 2384 998 2457 eius
1018 2409 1167 2457 crucem
1188 2383 1327 2457 Christi

207 2490 294 2563 foris
313 2490 495 2576 indueret,
513 2509 551 2564 et
566 2492 602 2563 in
618 2517 693 2588 quo
708 2491 819 2589 signo
839 2492 945 2564 Deus
968 2508 1174 2587 potestates
1197 2516 1328 2564 aereas

132 2628 177 2676 20
206 2596 469 2677 debellaverat,
492 2599 528 2670 in
548 2600 682 2671 eodem
703 2624 792 2671 suus
812 2597 998 2672 exercitus
1026 2599 1112 2671 Deo
1141 2596 1325 2672 militaret,

289 2729 321 2797 3.
341 2706 477 2778 Nonne
493 2706 606 2779 irater
620 2704 799 2779 Silvester
813 2707 861 2779 de
876 2704 1005 2803 primis
1026 2705 1199 2778 fratribus
1219 2732 1324 2790 unuS,

206 2810 261 2883 vir
276 2828 556 2885 consummatae
571 2838 638 2909 per
652 2812 778 2886 omnia
794 2812 1021 2910 disciplinae,
1039 2812 1131 2884 vidit
1145 2838 1193 2885 ex
1213 2813 1328 2910 ipsius

206 2943 270 2990 ore
290 2944 438 2991 crucem
458 2945 609 2992 auream
629 2919 877 3017 prodeuntem
898 2945 994 3015 quae
1014 2919 1249 2992 brachiorum
1266 2945 1328 2991 ex-

206 3025 377 3098 tensione
407 3024 619 3099 universum
649 3027 778 3099 orbem
810 3025 1025 3099 mirabiliter
1053 3025 1326 3123 consignabat?

133 3161 176 3228 25
206 3130 392 3229 Scriptum
421 3150 479 3205 est
507 3150 545 3205 et
574 3132 671 3205 fideli
709 3132 888 3205 relatione
924 3134 1134 3230 probatum,
1170 3132 1328 3228 qualiter

206 3239 318 3311 irater
346 3238 407 3311 ille
434 3238 644 3319 Monaldus,
667 3241 753 3323 vita,
786 3239 951 3312 moribus
980 3257 1018 3312 et
1046 3239 1232 3312 exercitiis
1252 3239 1327 3311 cla-

205 3371 277 3429 rus,
301 3371 384 3417 cum
405 3346 537 3419 beatus
556 3346 745 3419 Antonius
760 3347 809 3419 de
824 3346 943 3419 crucis
958 3345 1064 3419 titulo
1080 3345 1323 3443 praedicaret,

205 3451 298 3524 vidit
312 3454 462 3525 beatum
479 3453 717 3525 Franciscum
740 3479 922 3550 corporeo
943 3454 1074 3526 intuitu
1096 3453 1323 3525 crucifixum.

206 3559 342 3631 Nonne
363 3585 443 3631 mos
471 3577 551 3632 erat
580 3577 617 3631 et
645 3559 773 3657 primis
802 3560 884 3633 filiis
912 3561 973 3657 pia
1002 3560 1195 3631 sanctione
1214 3574 1326 3630 statu-

135 3696 177 3761 30
205 3681 296 3748 tum,
328 3685 368 3737 ut
395 3666 620 3763 ubicumque
651 3667 768 3739 crucis
808 3666 1085 3739 similitudinem
1116 3681 1323 3749 cernerent,

206 3771 385 3867 hqnorem
419 3773 452 3845 ei
483 3774 633 3846 debitae
660 3775 892 3847 reverentiae
921 3770 1205 3846 consecrarent?
1257 3772 1325 3845 Fa·

205 3877 346 3951 miliare
375 3879 444 3951 sibi
473 3878 621 3978 signum
651 3882 750 3981 thau,
783 3907 873 3977 prae
903 3879 1059 3953 caeteris
1092 3879 1220 3978 signiS,
1252 3904 1327 3974 quo

205 3984 285 4057 solo
314 4001 353 4058 et
381 3984 550 4059 missivas
579 3989 738 4061 cartulas
781 3988 1031 4083 consignabat
1071 4004 1110 4058 et
1151 3983 1326 4058 cellarum

205 4092 367 4188 parietes
395 4095 550 4167 ubilibet
578 4096 819 4193 depingebat.
891 4094 989 4165 Nam
1018 4110 1056 4166 et
1084 4093 1140 4165 vir
1169 4091 1227 4166 ille
1253 4093 1325 4165 Dei

136 4231 175 4297 35
207 4197 395 4283 Pacificus,
436 4200 622 4297 inspector
660 4201 874 4275 caelestium
914 4199 1108 4286 visionum,
1149 4224 1327 4297 magnum

281 4448 319 4501 19·
340 4433 388 4485 AB
408 4434 544 4488 Dominus
619 4453 659 4505 34.
681 4436 729 4488 ,lu
748 4436 863 4490 Domini
