3142 4875
209 580 357 677 gelacta
387 579 519 653 mulier
547 579 794 653 tremebunda
810 581 979 664 surrexit,
1012 597 1050 653 et
1078 581 1191 653 filium
1221 606 1328 653 suum

208 687 374 784 perfecte
403 704 573 761 sanatum
603 686 753 760 invenit.

296 815 378 886 155.
410 795 546 866 Invita
574 820 641 866 sua
671 820 781 890 quam
813 794 968 868 mirabili
985 811 1171 893 potestate
1200 812 1330 867 contra

209 901 414 973 daemones
452 900 591 984 claruit,
634 927 708 974 non
736 900 895 974 arbitror
922 927 1006 976 esse
1036 901 1230 996 silendum.
1289 903 1328 973 ln

164 1036 178 1098 5
209 1008 362 1081 castello
401 1007 528 1080 Sancti
565 1007 714 1082 Gemini
750 1024 920 1106 tempore
956 1010 1120 1105 quodam
1157 1008 1213 1080 vir
1241 1008 1326 1093 Dei,

209 1139 367 1211 regnum
404 1116 590 1188 caelorum
625 1114 897 1212 evangelizans
928 1117 1028 1213 apud
1058 1117 1256 1212 quemdam
1288 1116 1328 1186 ti·

209 1237 372 1294 mentem
402 1222 536 1302 Deum,
577 1223 682 1294 cuius
718 1247 822 1305 uxor,
862 1223 957 1295 sicut
992 1223 1165 1294 omnibus
1199 1239 1326 1295 notum

207 1344 297 1410 erat,
329 1354 351 1400 a
384 1328 585 1402 daemonio
620 1329 835 1409 vexabatur.
875 1329 1128 1425 hospitaturus
1166 1328 1325 1402 intravit.

207 1435 456 1533 Rogatusque
492 1436 626 1508 beatus
663 1434 884 1508 Franciscus
919 1462 987 1534 pro
1029 1435 1099 1522 illa,
1135 1437 1326 1509 hominum

141 1566 179 1612 ro
207 1542 343 1614 timens
384 1543 617 1640 applausum,
661 1542 733 1614 hoc
775 1544 897 1616 lacere
940 1543 1088 1640 penitus
1131 1542 1325 1617 recusavit.

207 1648 377 1721 Tandem
409 1648 532 1721 multis
562 1649 734 1745 precibus
763 1665 947 1732 exoratus,
971 1650 1008 1722 in
1037 1650 1154 1722 tribus
1182 1649 1329 1747 angulis

208 1772 283 1828 tres
312 1756 443 1828 fratres
479 1756 540 1852 qui
578 1781 661 1828 cum
697 1781 743 1829 eo
772 1773 878 1829 erant
906 1758 954 1830 ad
983 1758 1165 1830 orandum
1196 1756 1329 1829 consti-

207 1861 284 1944 tuit,
325 1861 361 1935 in
397 1862 547 1936 Christo
588 1862 668 1959 ipse
703 1881 877 1937 oraturus
904 1863 1069 1937 secessit.
1145 1864 1326 1937 Oratione

208 1968 403 2065 completa,
435 1971 482 2043 ad
520 1968 722 2054 mulierem,
755 1996 853 2067 quae
890 1972 1149 2044 miserabiliter
1182 1987 1329 2067 torque·

142 2097 177 2163 ¹5
207 2076 325 2160 batur,
358 2078 588 2150 confidenter
623 2077 790 2160 accessit,
823 2077 858 2150 in
899 2078 1047 2151 nomine
1077 2078 1159 2151 lesu
1190 2078 1328 2150 Christi

207 2183 407 2256 daemonio
436 2184 623 2281 imperans
652 2201 691 2255 ut
724 2183 855 2263 exiret.
925 2185 999 2280 Qui
1029 2185 1077 2256 ad
1106 2186 1186 2257 eius
1216 2185 1328 2280 impe·

208 2289 302 2361 rium
331 2305 434 2364 tanta
461 2291 658 2363 velocitate
678 2317 762 2363 cum
784 2292 905 2364 lurore
926 2292 1089 2376 recessit,
1112 2310 1152 2364 ut
1180 2292 1235 2364 vir
1254 2292 1326 2364 Dei

207 2412 356 2494 putaret
393 2397 461 2471 sibi
499 2396 612 2471 fuisse
650 2398 807 2471 illusum.
881 2400 1037 2496 Propter
1066 2399 1137 2472 hoc
1166 2398 1251 2473 ideo
1281 2401 1328 2472 de

208 2504 290 2577 loco
320 2503 381 2576 illo
410 2531 494 2578 cum
524 2507 658 2578 rubore
687 2507 851 2579 recessit.
910 2506 1019 2579 Unde
1040 2532 1123 2579 cum
1147 2494 1328 2580 alia'vice

136 2632 178 2679 20
206 2637 273 2709 per
311 2610 409 2684 idem
448 2628 609 2685 castrum
649 2614 834 2696 transiret,
875 2613 1005 2686 mulier
1043 2612 1103 2687 illa
1141 2613 1229 2687 soris
1261 2640 1328 2711 per

206 2718 368 2816 plateam
409 2718 594 2792 clamabat
631 2737 716 2817 post
752 2746 848 2804 eum,
889 2721 1048 2819 vestigia
1080 2722 1218 2817 pedum
1248 2721 1328 2795 eius

207 2827 438 2909 deosculans,
471 2843 511 2899 ut
530 2827 599 2899 sibi
619 2825 742 2923 eloqui
763 2827 991 2926 dignaretur.
1052 2828 1126 2922 Qui
1152 2854 1220 2925 per
1240 2828 1327 2900 mul·

206 2948 265 3005 tos
292 2949 382 3005 tunc
410 2934 458 3006 de
477 2932 696 3007 liberatione
716 2934 811 3007 illius
832 2952 955 3009 certus
974 2934 1140 3033 effectus,
1168 2934 1231 3007 vix
1251 2952 1328 3008 tan-

207 3040 292 3112 dem
322 3040 390 3111 sibi
420 3040 521 3136 loqui
551 3039 674 3112 multis
702 3043 941 3138 precantibus
969 3043 1165 3139 acquievit.

138 3167 174 3231 25
294 3152 374 3238 156.
408 3147 504 3220 Cum
534 3163 633 3219 esset
660 3147 733 3220 alio
753 3165 923 3247 tempore
942 3151 1041 3247 apud
1059 3149 1258 3223 Civitatem
1279 3152 1326 3223 de

207 3252 381 3337 Castello,
414 3252 545 3326 mulier
574 3256 759 3350 quaedam
802 3256 1040 3329 daemonium
1080 3258 1233 3341 habens
1277 3260 1324 3331 ad

207 3361 358 3432 domum
389 3360 424 3433 in
455 3387 528 3457 qua
557 3362 636 3458 ipse
666 3364 842 3437 manebat
869 3365 1049 3461 perducta
1078 3380 1145 3437 est.
1204 3365 1323 3458 Quae,

208 3466 296 3538 loris
334 3483 436 3539 stans
472 3484 509 3540 et
544 3469 719 3541 dentibus
756 3471 942 3556 frendens,
974 3497 1105 3544 omnes
1134 3470 1326 3544 latratibus

207 3572 415 3647 infestabat.
472 3574 632 3647 Multum
661 3602 752 3649 vero
780 3594 949 3651 sanctum
970 3579 1042 3650 Dei
1068 3604 1136 3674 pro
1167 3578 1261 3651 illius
1289 3579 1325 3651 li-

136 3704 178 3769 30
205 3681 398 3754 beratione
426 3682 643 3779 suppliciter
671 3701 909 3782 rogaverunt,
932 3702 1109 3782 gravatos
1138 3711 1179 3758 se
1207 3686 1323 3784 longo

205 3803 374 3883 tempore
403 3787 497 3861 illius
527 3789 668 3862 insania
698 3809 981 3888 conquerentes.
1047 3792 1185 3865 Reatus
1214 3793 1325 3865 Fran·

206 3895 324 3967 ciscus
354 3894 452 3967 misit
480 3897 528 3968 ad
556 3922 639 3969 eam
669 3898 819 3971 fratrem
849 3899 911 3994 qui
941 3924 1067 3972 secum
1098 3916 1187 3984 erat,
1213 3925 1325 3997 expe·

205 4001 265 4072 riri
295 4002 424 4075 volens
453 4019 574 4075 utrum
604 4003 699 4076 soret
726 4006 965 4079 daemonium
985 4031 1032 4079 an
1057 4006 1230 4102 deceptio
1251 4032 1325 4078 mu-

205 4105 340 4187 liebris.
409 4109 463 4181 At
492 4110 581 4207 ipsa,
613 4111 736 4184 sciens
773 4129 941 4185 sanctum
981 4113 1220 4185 Franciscum
1251 4139 1324 4186 non

135 4238 173 4304 35
205 4239 298 4301 esse,
328 4242 414 4289 eum
444 4216 573 4289 derisit
601 4234 638 4290 et
665 4245 734 4315 pro
763 4218 911 4292 modico
940 4220 1056 4292 duxit.
1116 4221 1225 4293 Pater
1243 4246 1324 4292 san·

205 4336 285 4394 ctus
322 4322 420 4396 intus
457 4341 536 4397 erat
574 4349 694 4397 orans.
754 4326 840 4418 Qui,
863 4327 1032 4399 oratione
1051 4326 1247 4422 completa,
1276 4327 1323 4398 ad

205 4428 395 4502 mulierem
425 4431 523 4504 foras
540 4432 665 4504 exivit.
724 4433 840 4505 Cuius
860 4433 1110 4530 praesentiam
1132 4435 1225 4506 ferre
1247 4459 1320 4504 non
