3142 4875
268 328 339 398 342
571 331 778 380 TRACTATUS
806 332 854 380 DE
883 331 1077 382 tirunculis

264 439 330 445 ——-
347 439 437 446 ᾖ...
468 441 529 447 ...-
549 441 895 448 ——-——-—.—.--—-
979 443 1023 448 Ἠ.
1033 444 1068 449 -..
1127 443 1170 448 .-
1209 441 1279 447 ——.
1319 438 1388 445 ——-

264 578 364 635 esset
383 563 520 646 mundi,
541 591 614 638 non
631 565 873 638 considerans
894 591 1029 663 corpus
1044 592 1152 638 suum
1172 580 1387 637 emortuum

263 693 332 741 nec
352 670 515 742 sterilem
536 672 682 745 vulvam
703 672 830 754 Sarae,
853 672 942 768 quin
961 672 1087 744 divina
1107 670 1273 769 potentia
1293 695 1387 768 gen·

262 791 337 848 tem
358 802 405 848 ex
426 803 470 850 ea
485 777 661 876 gigneret
683 779 954 852 Hebraeorum.
1013 778 1087 872 Qui
1110 804 1183 851 non
1202 777 1387 876 rele[r]tis

263 881 430 968 cellariis,
454 910 528 957 non
548 886 841 958 exuberantibus
856 886 1062 983 apothecis,
1085 911 1159 958 non
1180 885 1386 982 possessio-

263 989 371 1062 nibus
400 992 631 1086 gubernatur
649 993 897 1090 amplissimis,
920 993 987 1066 sed
1007 992 1141 1066 eadem
1162 1007 1387 1088 paupertate
1418 1013 1437 1078 5

261 1121 336 1193 qua
369 1096 484 1194 digna
525 1099 693 1172 redditur
734 1098 848 1181 caelo,
889 1099 1105 1173 mirabiliter
1147 1100 1305 1172 nutritur
1347 1099 1384 1170 in

263 1204 413 1276 mundo.
473 1205 508 1276 Ο
539 1204 723 1278 infirmum
753 1206 825 1278 Dei
862 1206 991 1279 lortius
1027 1205 1249 1290 hominibus,
1281 1206 1386 1303 quod

262 1325 300 1382 et
329 1309 426 1383 cruci
457 1328 605 1385 nostrae
634 1312 793 1411 gloriam
822 1314 986 1409 applicat
1013 1330 1051 1386 et
1080 1312 1289 1410 paupertati
1320 1337 1385 1384 co-

262 1416 361 1513 piam
382 1418 658 1491 subministrat!
716 1419 888 1493 Vidimus
916 1419 1078 1516 denique
1106 1420 1253 1493 vineam
1273 1419 1384 1491 istam

261 1524 482 1597 brevissimo
508 1541 677 1623 tempore
697 1526 898 1610 dilatatam,
921 1552 943 1598 a
964 1527 1053 1599 mari
1075 1551 1193 1622 usque
1213 1527 1261 1598 ad
1281 1550 1386 1597 mare
1419 1545 1459 1592 10

262 1630 537 1728 propaginosos
556 1632 729 1729 palmites
747 1633 974 1706 extendisse.
1034 1631 1209 1729 Undique
1230 1658 1385 1704 concur·

262 1755 390 1810 rerunt
417 1755 563 1836 gentes,
586 1739 758 1835 profusae
786 1757 873 1812 sunt
901 1756 1045 1813 turmae
1068 1755 1105 1812 et
1132 1739 1181 1812 ad
1207 1737 1385 1811 mirabilis

262 1843 371 1916 huius
399 1844 526 1941 templi
556 1862 777 1919 structuram
807 1845 1002 1944 egregiam
1032 1845 1138 1942 quasi
1166 1846 1290 1918 subito
1309 1843 1384 1917 vivi

262 1950 406 2046 lapides
434 1952 598 2029 adunati.
655 1953 735 2025 Nec
765 1953 878 2026 modo
907 1952 1187 2051 multiplicatam
1226 1952 1261 2024 in
1300 1950 1385 2023 filiis

262 2057 366 2129 brevi
394 2075 565 2154 tempore
594 2058 789 2142 cernimus
813 2061 881 2132 sed
909 2060 1157 2142 clarificatam,
1180 2060 1268 2131 dum
1289 2060 1383 2130 mul·
1419 2077 1456 2147 15

262 2179 322 2236 tos
341 2163 414 2237 iam
443 2190 490 2235 ex
519 2164 589 2237 hiis
617 2191 711 2261 quos
730 2166 872 2263 gennit,
896 2168 1060 2262 martyrii
1082 2164 1243 2263 palmam
1269 2190 1386 2239 nove-

261 2270 377 2343 rimus
399 2287 591 2344 assecutos
619 2289 658 2345 et
685 2299 753 2370 pro
782 2274 895 2346 totius
924 2274 1129 2346 sanctitatis
1149 2271 1385 2345 confessione

262 2378 427 2475 perlecta
455 2377 580 2475 plures
608 2397 822 2454 sanctorum
852 2381 1052 2479 cathalogo
1079 2404 1301 2453 veneremur
1321 2380 1385 2452 ad·

262 2485 430 2581 scriptos.
489 2486 564 2559 Sed
585 2487 658 2560 iam
677 2489 725 2561 ad
753 2489 885 2561 horum
907 2489 1072 2560 omnium
1095 2504 1216 2583 caput,
1239 2487 1384 2583 dequo

264 2616 360 2664 nunc
389 2592 625 2678 intendimus,
658 2621 781 2668 sermo
809 2611 986 2668 vertatur.
1414 2614 1456 2661 20

688 2809 953 2816 —m-

315 3006 374 3076 De
401 3004 583 3076 miraculo
610 3007 831 3101 stigmatum
860 3014 894 3076 cl
921 3005 1049 3076 modus
1076 3002 1330 3099 apparitzimzi·

545 3121 679 3217 seraph
708 3121 745 3192 ei
769 3122 995 3216 apparentis.
1055 3119 1096 3190 ll.

345 3358 376 3405 2.
408 3334 538 3406 Novus
558 3333 671 3404 homo
691 3334 721 3403 F
724 3332 912 3404 ranciscus
938 3357 1035 3404 novo
1055 3348 1092 3403 et
1111 3332 1297 3428 stupendo
1317 3331 1384 3402 mi-

262 3439 387 3513 raculo
424 3439 563 3523 claruit,
605 3465 687 3511 cum
726 3438 904 3536 singulari
942 3437 1149 3536 privilegio
1187 3438 1383 3510 retroactis

261 3546 418 3620 saeculis
449 3572 522 3618 non
552 3571 741 3629 concess0,
775 3546 973 3643 insignitus
992 3546 1173 3643 apparuit,
1196 3544 1311 3617 sacris
1331 3544 1382 3616 vi·
1411 3577 1452 3642 25

261 3654 397 3726 delicet
424 3653 662 3750 stigmatibus
682 3655 890 3735 decoratus,
914 3670 951 3725 et
971 3652 1225 3748 configuratus
1245 3650 1279 3723 in
1302 3676 1381 3723 cor-

260 3786 352 3858 pore
382 3761 512 3833 mortis
540 3759 649 3832 huius
678 3761 824 3857 corpori
856 3759 1042 3831 Crucifixi.
1102 3759 1161 3830 De
1180 3783 1256 3854 quo
1275 3757 1381 3855 quid·

260 3867 349 3963 quid
385 3868 548 3940 humana
587 3866 714 3963 lingua
750 3867 904 3948 dicatur,
946 3867 1067 3938 minus
1104 3866 1174 3937 erit
1210 3889 1233 3937 a
1270 3865 1381 3937 laude

260 3975 460 4071 condigna.
518 3975 604 4046 Non
632 3990 689 4046 est
717 3974 934 4071 quaerenda
962 3973 1066 4056 ratio,
1091 3970 1178 4068 quia
1198 3970 1377 4054 mirabile,

261 4107 329 4153 nec
345 4082 548 4177 petendum
565 4081 790 4177 exemplum,
809 4079 982 4176 quoniam
999 4078 1199 4177 singulare.
1239 4077 1381 4151 Totum
1411 4119 1452 4186 30

259 4188 326 4257 viri
347 4188 419 4258 Dei
436 4187 609 4270 studium,
632 4204 708 4260 tam
729 4187 918 4284 publicum
939 4186 1262 4283 quamprimum,
1281 4185 1381 4257 circa

333 4435 355 4485 3.
376 4419 409 4469 ,tl
426 4419 530 4473 refectis
608 4437 699 4475 rr-rr.
721 4422 768 4472 AB
786 4438 945 4475 concurrere
