3142 4875
514 336 741 386 LXVIII
1354 336 1910 386 PROLEGOMENA

645 557 985 623 Tractatus
1037 556 1497 624 Miraculorum
1561 557 1628 624 in
1678 557 1821 625 cod.
1871 559 2067 625 Mass.
2117 577 2388 646 occupat
2444 556 2553 625 fol.
2604 579 2758 644 4oa

512 664 589 731 ad
640 687 716 751 73
749 654 820 746 223
869 664 1056 731 facies
1107 686 1184 750 73
1215 665 1248 731 b
1297 687 1498 732 vacua
1543 666 1866 732 remansit.
1964 665 2141 733 Licet
2188 665 2306 732 alia
2355 688 2551 732 manu
2601 686 2759 731 con-

510 774 743 861 scripta
790 772 917 839 sint
965 771 1121 838 haec
1169 772 1396 838 ultima
1442 769 1596 838 folia
1645 772 1908 852 codiciS,
1954 772 2190 839 eodem
2227 793 2519 859 tempore
2566 790 2631 839 et
2678 771 2757 837 ad

512 902 716 947 unum
766 878 1078 946 volumen
1125 877 1599 945 efformandum
1663 878 1921 956 fuerunt
1968 896 2238 969 exarata.
2358 880 2600 945 Eadem
2664 897 2761 946 est

513 1006 814 1051 mensura
843 1007 978 1052 non
1011 984 1224 1050 solum
1257 984 1584 1065 foliorum,
1603 985 1714 1050 sed
1741 986 1933 1051 etiam
1961 986 2273 1072 portionis
2306 1008 2532 1051 eornm
2559 1008 2755 1073 quam

513 1111 784 1180 occupat
831 1092 1157 1180 scriptura,
1191 1111 1252 1158 et
1291 1091 1516 1158 eadem
1567 1112 1664 1157 est
1710 1091 2055 1159 delineatio
2102 1093 2248 1159 stilo
2298 1092 2569 1160 deducta
2611 1111 2758 1160 ante

515 1199 909 1286 scripturam.
2062 1211 2066 1218 '

651 1305 872 1383 Quam
899 1305 1186 1394 legitime
1217 1308 1298 1372 sit
1330 1306 1394 1371 in
1429 1305 1553 1371 hoc
1587 1305 1901 1393 opusculo
1931 1306 2309 1373 Tractatum
2341 1303 2416 1373 fr.
2451 1305 2756 1373 Thomae

516 1432 886 1498 agnoscere,
913 1413 1049 1499 ipsa
1098 1411 1428 1478 conclusio
1478 1400 1881 1499 comprobat:
1927 1413 2260 1479 «Minime
2300 1411 2376 1479 ad
2419 1413 2574 1481 haec
2606 1414 2756 1479 scri-

519 1519 724 1584 benda
750 1540 870 1583 nos
897 1519 1054 1584 vitio
1076 1519 1372 1585 vanitatis
1398 1518 1808 1605 ingessimu3‚
1826 1570 1837 1583 .
1857 1570 1871 1584 .
1895 1568 1908 1582 .
1936 1517 2048 1584 sed
2085 1519 2457 1607 rogantium
2488 1518 2753 1587 fratrum

516 1625 779 1692 extorsit
827 1624 953 1691 hoc
993 1626 1463 1711 importunitas,
1502 1644 1564 1691 et
1603 1639 1938 1691 nostrorum
1978 1624 2184 1714 perfici
2227 1628 2393 1692 iussit
2438 1629 2758 1693 auctoritas

506 1731 925 1821 praelatorum
951 1757 1009 1796 n.
1113 1729 1413 1798 Referunt
1459 1733 1635 1798 enim
1687 1731 2012 1799 Chronica
2063 1732 2294 1798 XXIV
2342 1732 2756 1799 Generalium

518 1841 722 1920 citata,
757 1837 862 1904 ubi
890 1837 968 1904 de
1006 1840 1248 1905 Ioanne
1275 1838 1352 1904 de
1382 1839 1639 1905 Parma:
1677 1866 1708 1900 «
1741 1839 1863 1905 Hic
1888 1838 2205 1926 generalis
2228 1842 2528 1929 praecepit
2559 1840 2760 1907 mullis

518 1946 723 2013 litteris
769 1945 942 2011 fratri
982 1944 1284 2011 Thomae
1332 1944 1411 2011 de
1462 1945 1710 2013 Celano
1737 1996 1751 2010 .
1782 1995 1796 2011 .
1827 1997 1842 2012 .
1871 1973 1933 2012 ».
2031 1944 2213 2024 Quid
2264 1945 2531 2014 clarius?

651 2053 1206 2141 Fragmentum
1253 2053 1729 2118 Assisiense.
1821 2052 1893 2118 In
1929 2051 2147 2118 codice
2184 2052 2592 2119 miscellaneo
2632 2056 2755 2139 338

520 2159 939 2227 bibliothecae
990 2160 1418 2226 communalis
1482 2158 1878 2240 Assisiensis,
1927 2160 2084 2225 olim
2134 2160 2309 2227 Sacri
2375 2161 2757 2226 Conventus

519 2267 584 2332 S.
637 2266 1087 2347 Francisci,(¹),
1134 2265 1196 2330 ff.
1247 2289 1330 2351 44
1349 2268 1513 2352 a-48
1537 2266 1592 2346 b,
1633 2267 1958 2332 invenitur
1994 2266 2286 2332 collectio
2317 2265 2596 2353 plurium
2637 2268 2758 2332 rni-

515 2373 878 2443 raculorum
902 2376 966 2442 S.
991 2376 1037 2441 F
1044 2375 1333 2455 rancisci,
1357 2396 1551 2463 quam
1579 2392 1727 2440 ante
1744 2374 2192 2442 inventionem
2215 2374 2555 2442 Tractatus
2580 2397 2756 2441 com-

518 2481 670 2568 pleti
710 2478 943 2547 Paulus
993 2481 1280 2547 Sabatier
1327 2480 1716 2547 iudicaverat
1762 2481 1932 2547 illius
1977 2479 2524 2568 fragmentum.(²)
2617 2481 2757 2548 Hac

514 2588 581 2653 in
633 2586 1008 2654 collectione
1057 2586 1361 2653 miracula
1409 2610 1539 2653 non
1592 2587 1824 2654 eodem
1890 2587 2116 2654 ordine
2162 2608 2493 2675 ponuntur
2557 2609 2631 2654 ac
2687 2589 2755 2654 in

519 2693 848 2775 Tractatu‚
867 2694 1037 2772 unde
1063 2693 1345 2760 tabulam
1368 2693 1617 2761 confeci
1642 2712 2046 2783 sequentem,
2072 2695 2389 2761 variantes
2417 2694 2759 2761 nonnullas

516 2803 579 2867 in
630 2802 799 2869 notis
846 2802 1175 2867 invenies:

889 2943 1014 2998 Frag.
1046 2945 1138 2983 Ass.
2212 2942 2355 2983 Editio

915 3049 1041 3086 1-11
1083 3069 2077 3086 ............
2191 3032 2369 3100 70—80

884 3137 1050 3185 12-14
1085 3160 2079 3175 ............
2163 3136 2399 3189 1¹3·1¹5

880 3207 1049 3277 15‚16
1087 3247 2078 3263 ............
2163 3208 2402 3280 148‚149

933 3316 992 3367 17
1088 3338 2080 3353 ............
2084 3333 2088 3338 -
2234 3313 2329 3365 107

935 3389 994 3440 18
1082 3425 2075 3441 ............
2234 3388 2328 3457 187

933 3493 995 3544 19
1080 3515 2076 3531 ............
2233 3491 2327 3545 197

928 3581 997 3618 20
1082 3603 2075 3620 ............
2230 3563 2328 3634 196

929 3671 988 3708 21
1082 3692 2078 3709 ............
2248 3668 2310 3723 93

929 3759 995 3797 22
1083 3783 2078 3799 ............
2254 3759 2317 3813 59

927 3848 987 3902 23
1081 3873 2077 3888 ............
2233 3832 2323 3885 181

659 3987 745 4054 (1)
786 3983 978 4037 Codex
1015 3984 1124 4051 ille,
1147 4002 1174 4036 a
1216 3984 1455 4055 pluribus
1494 3983 1604 4035 iam
1646 3983 1963 4051 descriptus,
2001 3981 2307 4052 fragmenta
2346 3994 2399 4034 et
2435 3997 2597 4052 opera
2636 3998 2761 4034 con-

516 4072 649 4125 tinet
674 4071 1020 4124 saeculorum
1054 4087 1154 4124 xm
1189 4083 1242 4124 et
1268 4085 1388 4133 xiv,
1415 4087 1649 4140 quorum
1676 4068 1938 4122 nonnulla
1967 4067 2186 4122 fuerunt
2208 4068 2348 4122 edita
2368 4054 2599 4121 'diversis
2627 4080 2762 4121 tem·

517 4160 755 4230 poribuS,
781 4160 857 4212 uti
884 4177 935 4212 v.
962 4177 1033 4228 g.,
1064 4159 1318 4230 opuscula
1359 4159 1410 4212 S.
1442 4160 1724 4221 francisci,
1763 4158 2017 4211 Lectiones
2056 4158 2122 4210 de
2161 4158 2351 4227 quibus
2389 4155 2527 4209 infra
2567 4157 2761 4221 dicam,

517 4250 800 4317 Antiquam
831 4257 1013 4318 poema
1052 4264 1147 4301 seu
1187 4247 1443 4316 Legenda
1483 4247 1725 4299 versibus
1762 4247 1978 4299 donata.

661 4335 745 4404 (2)
788 4337 1103 4389 Miscellanea
1161 4338 1525 4400 Francescana,
1575 4335 1681 4389 vol.
1725 4335 1817 4399 VI,
1854 4353 1905 4404 p.
1948 4351 2029 4406 39,
2082 4336 2171 4388 ubi
2226 4334 2432 4387 editum
2488 4332 2587 4386 fuit
2633 4332 2759 4386 illud

515 4421 883 4493 fragmentum
924 4442 951 4476 a
995 4424 1341 4494 praelaudato
1382 4424 1435 4476 P.
1470 4424 1734 4477 Sabatier.
