3142 4875
6 1333 27 1390 l·

603 381 708 429 BEATI
736 381 924 431 FRANCISCI

562 717 640 809 De
674 717 963 796 humilitate.
1023 693 1026 698 ἱ

241 905 473 1004 [Humz'lz'los
500 906 624 977 sancti
647 906 848 978 Francz‘scz'
874 907 915 976 in
942 904 1086 988 habitu,
1116 932 1225 979 sensu
1253 917 1288 979 et

293 1020 469 1103 moribus,
490 1032 669 1093 utcontra
687 1022 892 1117 proprium
910 1021 1085 1119 sensum}
1145 1022 1223 1096 CII.

288 1247 370 1315 140.
404 1225 583 1298 Omnium
620 1226 797 1298 virtutum
836 1240 962 1298 custos
991 1242 1030 1299 et
1057 1225 1172 1300 decor
1204 1228 1322 1300 humi-

152 1361 169 1425 5
201 1331 295 1405 litas.
353 1331 435 1404 Hac
466 1357 540 1404 non
568 1333 796 1428 subs[tra]ta
823 1332 986 1407 fabricae
1014 1332 1205 1429 spirituali,
1237 1361 1321 1408 cum

201 1463 371 1511 crescere
398 1438 546 1512 videtur
563 1440 710 1536 proficit
738 1439 774 1512 in
804 1440 960 1512 ruinam.
1017 1439 1134 1524 Haec,
1157 1467 1205 1514 ne
1233 1441 1321 1539 quid

200 1545 282 1617 viro
309 1561 366 1618 tot
394 1545 501 1619 donis
530 1562 663 1619 ornato
691 1545 851 1630 deesset,
875 1546 1072 1644 copiosiori
1101 1573 1187 1620 eum
1216 1550 1322 1622 uber-

199 1666 278 1724 tate
293 1653 514 1748 repleverat.
572 1654 612 1725 ln
632 1654 784 1752 propria
802 1653 955 1750 quidem
975 1653 1210 1749 reputatione
1231 1655 1320 1729 nihil

199 1775 282 1832 erat
310 1758 378 1831 nisi
407 1776 591 1857 peccator,
615 1786 699 1833 cum
728 1762 844 1833 decor
863 1774 964 1832 esset
983 1777 1020 1834 et
1049 1760 1225 1857 splendor
1246 1788 1322 1834 om-

134 1891 171 1936 10
201 1865 376 1938 nimodae
409 1866 630 1945 sanctitatis,
699 1868 740 1939 In
778 1867 848 1939 hac
877 1866 1019 1940 studuit
1046 1867 1244 1941 aedificare
1279 1896 1321 1941 se

200 1972 334 2069 ips'um,
367 1987 406 2045 ut
436 1973 717 2047 fundamentum
747 1973 886 2046 iaceret
914 1975 1016 2070 quod
1035 1999 1058 2046 a
1087 1973 1238 2062 Christo
1266 1976 1322 2048 di·

200 2078 354 2152 dicerat.
412 2080 553 2152 Eorum
582 2106 678 2178 quae
707 2081 870 2154 lucratus
899 2080 1019 2153 suerat
1046 2080 1192 2166 oblitus
1220 2084 1321 2155 solos

200 2201 288 2259 ante
309 2186 437 2259 oculos
465 2187 631 2284 ponebat
650 2186 827 2270 delectus,
850 2187 933 2284 plus
952 2186 1021 2260 sibi
1050 2187 1185 2262 deesse
1208 2214 1320 2284 quam

199 2293 335 2366 adesse
363 2293 615 2366 considerans.
673 2293 762 2367 Sola
790 2292 826 2366 in
855 2319 902 2366 eo
931 2294 1114 2390 cupiditas
1142 2295 1261 2393 viguit
1281 2311 1322 2368 ut

134 2424 169 2488 15
201 2400 333 2474 melior
347 2400 462 2486 fieret,
485 2400 560 2500 [u]t
574 2399 702 2499 primis
723 2401 800 2473 non'
817 2416 1015 2475 contentus
1032 2427 1148 2475 novas
1163 2403 1320 2477 virtutes

200 2507 459 2603 a[cquir]eret.
518 2507 679 2582 Humilis
717 2509 855 2592 habitu,
892 2508 1066 2582 humilior
1096 2536 1220 2595 sensu,
1256 2511 1321 2584 hu-

202 2613 374 2687 millimus
403 2630 586 2713 reputato.
643 2617 729 2689 Non
749 2615 1031 2689 discernebatur
1049 2616 1123 2689 Dei
1145 2617 1320 2714 princeps

201 2722 302 2816 quod
339 2720 527 2818 praelatus
564 2737 674 2807 esset,
706 2721 774 2794 nisi
808 2722 878 2795 hac
916 2721 1117 2796 clarissima
1154 2750 1317 2822 gemma,

200 2827 287 2924 quia
315 2826 411 2901 inter
439 2828 601 2903 minores
630 2829 804 2902 minimus
845 2830 985 2902 aderat.
1056 2830 1162 2904 Haec
1189 2831 1316 2916 virtus,

131 2955 173 3002 20
201 2934 259 3007 hic
293 2933 432 3020 titulus,
463 2935 534 3008 hoc
572 2934 718 3034 insigne
756 2937 973 3034 generalem
1011 2935 1200 3011 indicabat
1235 2964 1320 3012 esse

202 3042 419 3114 ministrum.
489 3043 635 3115 Aberat
676 3043 723 3116 ab
761 3044 841 3115 eius
878 3069 943 3116 ore
984 3044 1105 3117 omnis
1146 3045 1316 3132 altitudo

200 3173 339 3245 pompa
367 3150 488 3221 omnis
516 3175 538 3223 a
566 3149 746 3248 gestibus,
778 3152 826 3223 ab
854 3148 998 3223 actibus
1030 3150 1151 3223 omnis
1189 3153 1316 3225 fastus.

201 3254 360 3327 Sensum
397 3256 432 3328 in
471 3254 595 3329 multis
631 3282 679 3329 ex
716 3256 944 3329 revelatione
984 3258 1174 3342 didicerat,
1206 3285 1318 3354 quem

200 3377 325 3435 tamen
355 3362 392 3434 in
420 3364 544 3436 medio
565 3365 761 3437 conserens
781 3364 936 3437 aliorum
964 3366 1218 3461 anteponebat
1237 3390 1318 3438 sen-

132 3489 171 3553 25
200 3494 272 3540 sus
331 3468 526 3543 Sociorum
564 3469 757 3544 consilium
794 3472 908 3543 tutius
945 3496 1028 3544 esse
1061 3472 1248 3555 credebat,
1281 3487 1319 3544 et

199 3574 342 3649 alienus
361 3577 461 3650 visus
490 3578 621 3650 melior
647 3578 800 3674 proprio
818 3577 1024 3651 videbatur.
1082 3579 1168 3650 Non
1193 3578 1318 3652 omnia

199 3708 267 3778 pro
294 3683 380 3755 Deo
408 3683 600 3781 reliquisse
630 3684 778 3757 dicebat
807 3709 904 3768 eum,
926 3685 988 3781 qui
1018 3710 1150 3757 sensus
1178 3686 1317 3782 proprii

199 3790 340 3862 loculos
359 3790 547 3864 retineret.
596 3792 762 3864 Malebat
791 3792 838 3864 de
867 3816 907 3863 se
935 3792 1159 3887 vituperium
1188 3792 1317 3865 audire

199 3920 311 3991 quam
344 3898 503 3981 laudem,
535 3924 619 3970 cunr
649 3899 719 3971 hoc
747 3899 796 3970 ad
825 3923 866 3972 se
896 3899 1172 3971 emendandum
1202 3925 1318 3997 coge-

134 4018 173 4082 30
199 4020 264 4086 ret,
297 4004 357 4076 illa
385 4003 593 4100 impelleret
619 4005 668 4078 ad
697 4005 918 4078 cadendum.

273 4213 492 4281 §.Asubsrituta
582 4231 606 4285 9.
627 4216 659 4267 M
675 4214 757 4269 decus
852 4215 976 4283 15.Aet
1071 4212 1318 4277 16.Aaddicerct;

200 4290 365 4347 Radiiceret
457 4310 498 4364 27.
519 4295 552 4347 M
567 4295 690 4347 Domino

625 4473 891 4482 -—-———-
