3142 4875
603 324 711 374 BEATI
738 324 925 374 FRaivclscl
1303 317 1324 389 7

196 433 588 443 ——-.—---
597 435 738 444 =-—-—-——.-

192 554 284 627 tioni
305 545 484 629 omnibus
502 571 595 641 erat,
613 572 652 629 et
667 555 703 628 in
723 580 863 653 pompa
877 581 998 628 vanae
1016 555 1160 652 gloriae
1178 557 1324 654 praeire

192 678 370 736 caeteros
390 663 589 736 nitebatur.
627 662 668 736 ln
689 662 789 746 iocis,
812 662 848 734 in
869 662 1033 746 curiosis,
1056 662 1093 735 in
1110 662 1325 736 scurrilibus

193 785 231 843 et
259 769 440 842 inanibus
465 769 602 852 verbis,
624 767 662 843 in
682 767 885 852 cantilenis,
910 768 945 842 in
965 769 1133 842 vestibus
1153 769 1325 844 mollibus

192 894 231 950 et
259 876 401 962 fluidis,
433 876 521 973 quia
549 874 747 973 praedives
774 893 864 960 erat,
889 901 962 949 non
982 901 1117 949 avarus
1144 878 1212 950 sed
1241 903 1325 974 pro·

146 1016 163 1081 5
193 983 318 1081 digus,
353 1009 433 1056 non
469 982 724 1057 accumulator
759 983 942 1080 pecuniae
984 985 1051 1056 sed
1092 985 1324 1058 substantiae
1408 979 1411 983 ’

193 1090 413 1188 dissipator,
447 1108 578 1163 cautus
600 1090 815 1189 negotiator
843 1091 910 1163 sed
929 1091 1152 1163 vanissimus
1176 1090 1323 1189 dispen-

193 1212 317 1282 sator3
351 1198 468 1270 homo
497 1213 622 1271 tamen
651 1197 850 1270 humanius
877 1222 1007 1294 agens
1031 1196 1162 1270 habilis
1180 1216 1219 1271 et
1237 1199 1323 1272 afsa-

192 1303 277 1377 bilis
307 1305 482 1388 multum,
514 1304 600 1377 licet
640 1304 689 1378 ad
724 1302 974 1400 insipientiam
1012 1304 1092 1376 sibi.
1132 1304 1322 1398 Quoniam

192 1409 300 1484 multi
337 1412 387 1484 ob
414 1412 488 1483 hoc
516 1410 679 1484 maxime
707 1426 793 1507 post
822 1411 942 1507 ipsum
971 1410 1134 1494 abibant,
1157 1413 1322 1485 fautores
1425 1478 1427 1480 ,

128 1550 165 1596 10
191 1518 386 1591 malorum
404 1535 443 1591 et
462 1516 657 1591 criminum
686 1518 916 1590 incentores:
939 1518 1067 1614 sicque
1092 1518 1323 1615 constipatus

193 1625 416 1723 agminibus
445 1624 667 1721 iniquorum,
698 1624 867 1698 sublimis
888 1641 925 1696 et
953 1625 1202 1722 magnanimis
1222 1626 1323 1699 ince-

193 1732 327 1817 debat,
357 1731 428 1804 iter
446 1756 566 1830 agens
585 1757 652 1828 per
671 1732 836 1804 medium
852 1727 1082 1827 Babyloniae
1101 1732 1319 1829 platearum,

195 1864 400 1935 quousque
428 1839 632 1934 respiceret
659 1838 707 1910 de
736 1837 848 1911 caelis
876 1838 1072 1922 Dominus,
1104 1855 1142 1912 et
1169 1856 1324 1937 propter

196 1970 338 2019 nomen
368 1971 478 2018 suum
507 1944 620 2043 longe
649 1946 788 2018 iaceret
816 1945 978 2018 furorem
1007 1970 1115 2018 suum
1137 1947 1261 2029 abeo,
1285 1962 1323 2019 et

133 2083 166 2145 15
195 2050 403 2126 infrenaret
431 2077 475 2125 os
504 2053 584 2125 eius
618 2051 728 2125 laude
765 2077 843 2135 sua,
877 2077 922 2124 ne
958 2052 1108 2148 penitus
1141 2052 1319 2126 interiret.

196 2159 318 2233 Facta
351 2174 410 2233 est
447 2158 604 2256 proinde
637 2184 751 2255 super
787 2184 873 2232 eum
911 2183 1044 2231 manus
1079 2157 1244 2244 Domini,
1284 2178 1323 2232 et

196 2264 411 2340 immutatio
446 2266 624 2339 dexterae
665 2264 825 2348 Excelsi‚
857 2281 898 2339 ut
939 2291 1006 2361 per
1047 2292 1133 2339 eum
1171 2267 1323 2340 daretur

197 2372 462 2469 peccatoribus
490 2372 625 2446 fiducia
654 2371 690 2445 in
723 2372 884 2471 gratiam
922 2372 1139 2471 respirandi,
1171 2390 1209 2448 et
1237 2399 1322 2447 con·

197 2480 382 2555 versionis
411 2480 460 2553 ad
487 2480 613 2553 Deum
642 2479 816 2553 omnibus
845 2480 951 2554 lieret
980 2480 1205 2577 exemplum.

132 2915 172 2962 20
418 2889 597 2980 Qualz'ler
618 2890 725 2962 Deus
753 2890 926 2962 vziz‘tavit
951 2916 1014 2962 cor
1038 2892 1118 2962 aius

193 3014 266 3100 per
280 3006 445 3101 corporis
465 3005 728 3104 infirmitatem
747 3016 781 3078 et
798 3014 1017 3078 noiturnam
1038 3007 1225 3079 visionem.
1275 3006 1318 3079 Il.

282 3233 316 3302 3.
347 3208 457 3282 Enim
478 3234 567 3282 vero
587 3235 671 3281 cum
691 3209 814 3283 adhuc
841 3210 898 3281 vir
926 3208 996 3283 iste
1024 3209 1173 3284 iuvenili
1197 3211 1320 3285 calore

201 3313 236 3388 in
265 3316 430 3412 peccatis
457 3317 693 3401 fervesceret,
715 3330 753 3388 et
772 3315 913 3389 lubrica
932 3334 1036 3390 aetas
1055 3318 1103 3390 ad
1133 3319 1319 3415 explenda

201 3419 374 3496 iuvenilia
390 3423 469 3495 iura
488 3422 609 3519 ipsum
624 3421 832 3520 impelleret
852 3423 1064 3507 insolenter,
1086 3450 1130 3498 ac
1151 3451 1320 3499 mansue-

136 3556 172 3623 ²5
201 3553 305 3602 scere
334 3527 505 3602 nesciens
532 3529 675 3626 antiqui
694 3530 879 3627 serpentis
898 3531 993 3603 foret
1021 3530 1216 3605 virulentia
1235 3558 1320 3606 con-

272 3755 305 3808 27
325 3741 363 3811 (p.
382 3739 476 3809 6)-1.
498 3740 533 3795 Os
558 3738 751 3794 Admirationis
815 3741 933 3795 Rvana
1036 3756 1060 3794 2.
1081 3741 1120 3807 H,
1140 3744 1183 3804 ll,
1206 3744 1261 3808 Ox,
1283 3744 1320 3810 R,

208 3821 243 3873 W
256 3820 397 3874 videbatur
452 3821 510 3887 AS,
533 3822 568 3875 Os
586 3821 652 3874 iocis
673 3820 784 3875 curiosis
838 3822 875 3887 E,
896 3822 917 3875 L
936 3834 963 3875 et
985 3821 1096 3875 curiosis
1154 3824 1188 3877 Os
1207 3836 1233 3876 er
1251 3840 1320 3877 scur.

201 3899 227 3955 6.
248 3902 279 3955 ,ll
296 3919 345 3955 om.
370 3899 673 3972 cautus-dispensator
737 3901 784 3955 AS
805 3902 1018 3971 negotiationum
1103 3919 1127 3972 7.
1151 3903 1172 3956 R
1195 3904 1322 3958 humanis

201 3979 310 4049 habilis]
330 3982 362 4034 M
380 3979 474 4034 hilaris
575 3996 600 4052 9.
620 3982 668 4036 AS
683 3981 717 4035 ad
736 3981 792 4036 hoc
847 3982 935 4051 Rper
953 3983 1042 4052 ipsum
1096 3984 1320 4049 AS,E,L,.v,

204 4059 251 4123 Os,
276 4062 313 4113 W
326 4058 443 4114 factores
492 4058 663 4114 Rfaurorum
740 4077 779 4115 ro.
797 4060 985 4114 Hintentores
1061 4078 1100 4115 12.
1116 4064 1161 4117 As
1175 4064 1321 4133 Babylonis

205 4155 244 4209 13.
264 4140 294 4193 H
310 4140 460 4210 suspiceret
516 4140 551 4193 W
566 4141 711 4212 respiciens
789 4141 827 4194 16.
848 4141 876 4193 H
894 4156 984 4195 autem
1005 4142 1118 4213 proinde
1169 4144 1203 4197 Os
1222 4144 1320 4198 deinde

204 4234 243 4287 17·
260 4220 303 4275 Ox
318 4221 434 4274 mutatio
486 4220 575 4274 Hom.
592 4221 699 4275 daretur
780 4221 1143 4287 18-19.Hc0nversionem
1227 4225 1319 4291 19.E,

200 4298 297 4365 ΞΗ,
314 4300 357 4363 Μ,
376 4300 431 4365 Ox,
452 4301 493 4365 W,
509 4301 530 4354 R
546 4301 579 4354 ad
598 4300 751 4373 exemplum
825 4316 867 4353 21.
883 4301 916 4354 M
929 4317 1087 4372 corpoream
1161 4318 1202 4356 22.
1221 4304 1255 4356 Os
1270 4320 1319 4356 orn.

200 4379 287 4433 adhuc
330 4381 366 4434 W
372 4379 425 4434 huc
494 4381 672 4450 25.ASesset
716 4381 854 4437 Osfuisset
894 4381 924 4435 H
931 4381 1228 4454 virulentadeceprione
1240 4399 1318 4437 conc.
