3142 4875
553 329 737 378 onustum
766 330 961 378 Ln‘uumcn
1239 329 1311 395 441

1053 440 1316 448 u————-—

195 587 325 636 eorum
370 561 450 635 eius
492 562 712 635 memoriam
747 561 876 660 fugiat,
924 569 972 634 et
1001 587 1146 634 sacram
1182 560 1319 635 Christi

195 668 408 767 passionem
430 668 679 742 meditabatur
698 668 733 740 in
754 669 908 766 gemitu,
928 667 1157 741 lacrimando
1176 669 1237 741 die
1257 694 1319 741 no-

197 792 343 873 ctuque,
375 776 530 849 studens
560 774 687 847 humili
708 776 791 847 lesu
811 774 998 847 humiliter
1026 775 1259 859 conformari,
1282 792 1320 847 et

195 883 243 956 ad
263 881 503 955 devotionem
523 881 789 978 Redemptoris
810 881 925 954 nostri
945 899 983 953 et
998 881 1130 955 Matris
1144 880 1225 954 eius
1238 907 1320 955 san-

147 1007 164 1071 ς
197 988 395 1075 ctissimae,
424 988 549 1062 verbis
577 989 723 1061 devotis
743 1006 781 1060 et
810 989 992 1085 exemplis
1012 987 1171 1073 utilibus
1189 1013 1320 1061 omnes

197 1097 393 1176 inducere;
433 1111 471 1168 et
507 1120 618 1169 verus
656 1093 783 1168 mundi
823 1096 1082 1191 supplantator
1120 1121 1217 1168 nunc
1253 1120 1321 1192 per

196 1218 326 1275 sancta
354 1203 541 1275 desideria
559 1220 598 1275 et
617 1202 780 1275 caritatis
811 1202 996 1274 servorem
1025 1202 1255 1275 ascendebat
1283 1202 1319 1273 in

196 1308 400 1380 Dominum
430 1335 498 1406 per
530 1307 689 1382 lucidam
724 1308 1090 1405 contemplationem,
1122 1325 1160 1381 et
1187 1323 1320 1405 postea

196 1440 264 1511 per
278 1440 403 1488 veram
423 1415 600 1512 pietatem
617 1432 655 1488 et
669 1416 968 1511 compassionem
993 1415 1321 1488 condescendebat

128 1539 167 1602 10,
195 1523 243 1594 ad
271 1521 493 1619 proximum.

283 1653 339 1700 11.
372 1629 531 1701 Duobus
551 1655 713 1726 namque
734 1627 851 1712 annis
872 1645 1074 1725 antequam
1095 1628 1151 1700 vir
1169 1645 1321 1702 sanctus

198 1735 377 1833 migraret
404 1737 452 1807 ad
486 1736 610 1808 Deum
645 1753 683 1809 et
714 1735 884 1832 spiritum
922 1736 1097 1808 redderet
1132 1735 1248 1818 caelo,
1283 1735 1319 1807 in

197 1841 349 1915 excelso
378 1859 505 1915 monte
525 1843 719 1915 Lavernae
739 1841 897 1914 orationi
926 1868 1075 1925 vacans,
1098 1843 1171 1915 Dei
1192 1867 1320 1915 amore

197 1967 236 2021 et
263 1947 450 2022 desiderio
479 1948 739 2022 vehementius
775 1948 886 2020 solito
926 1974 1117 2033 accensus,
1153 1949 1247 2021 vidit
1273 1951 1320 2022 de

130 2073 167 2140 15
198 2055 303 2128 caelo
331 2057 460 2128 venire
492 2057 540 2128 ad
576 2082 618 2128 se
653 2056 849 2152 Seraphim
887 2080 955 2127 sex
991 2057 1069 2128 alas
1105 2057 1316 2139 habentem,

198 2162 370 2234 manibus
405 2163 571 2235 extensis
600 2163 825 2259 etpedibus
862 2162 1058 2258 perforatis
1095 2163 1130 2235 in
1167 2164 1318 2235 modum

198 2271 327 2351 cruciS,
360 2271 396 2341 in
426 2268 560 2342 dextro
590 2271 706 2342 latere
740 2271 941 2342 habentem
979 2269 1113 2342 vulnus
1149 2270 1317 2354 rubeum,

198 2376 260 2473 qui
290 2376 325 2448 in
356 2377 494 2450 famulo
523 2375 595 2449 Dei
625 2376 678 2449 sie
711 2376 959 2465 crucifixionis
993 2401 1083 2449 suae
1119 2376 1228 2474 signa
1256 2376 1318 2448 im·

197 2484 342 2580 pressit,
374 2499 414 2557 ut
442 2484 640 2556 crucifixus
658 2483 857 2569 videretur,
890 2485 1036 2580 etipse
1064 2484 1316 2582 consignatur.

127 2609 169 2655 20
198 2615 339 2674 mantJS,
375 2592 493 2688 pedes
521 2608 559 2663 et
587 2591 683 2664 latus
712 2590 831 2663 crucis
865 2606 1064 2663 caractere.
1123 2590 1321 2664 Resultant

199 2698 234 2768 in
263 2713 394 2770 sancto
422 2697 494 2769 Dei
525 2696 726 2770 Francisco
754 2697 920 2793 pretiosa
949 2698 1127 2795 stigmata
1157 2698 1317 2781 Christi;

199 2804 279 2899 ipse
307 2829 397 2876 vero
426 2803 570 2901 Seraph
599 2805 714 2877 verba
747 2804 1006 2877 efficacissima
1041 2804 1180 2878 Sancto
1216 2805 1317 2889 dixit,

198 2935 295 3006 quae
324 2911 404 3006 ipse
434 2912 520 2982 nulli
542 2910 656 2983 voluit
681 2912 859 2984 revelare.
918 2911 1110 3004 Quantum
1140 2938 1229 2985 vero
1258 2937 1319 3008 po·

198 3033 280 3095 test,
312 3017 369 3089 vir
388 3018 473 3089 Deo
504 3017 621 3090 fidelis
643 3019 736 3089 haec
765 3043 870 3090 sacra
899 3017 1007 3114 signa
1036 3021 1084 3091 ab
1113 3021 1230 3092 oculis
1258 3020 1321 3091 ho·

128 3143 167 3208 25
200 3122 339 3195 minum
375 3126 501 3197 studet
540 3125 781 3207 abscondere,
820 3149 866 3197 ne
903 3124 938 3196 in
969 3126 1057 3198 data
1094 3127 1162 3198 sibi
1200 3125 1321 3223 gratia
1386 3142 1389 3147 ’

199 3230 463 3304 detrimentum
493 3247 694 3328 pateretur.

286 3361 342 3408 12.
374 3338 530 3410 Biennio
559 3338 632 3410 iam
662 3340 823 3434 explet0,
847 3364 930 3410 cum
961 3364 1096 3436 corpus
1125 3364 1231 3411 suum
1260 3364 1319 3410 ve-

200 3445 410 3517 hementius
447 3444 659 3517 infirmitate
698 3462 910 3542 urgeretur,
951 3447 997 3517 ad
1036 3446 1134 3519 diem
1173 3445 1320 3542 propin·

200 3542 351 3657 qu[ans]
381 3567 602 3636 extremum,
630 3552 702 3624 iam
734 3577 868 3625 caecus
896 3553 1013 3624 oculis
1041 3578 1132 3648 prae
1161 3551 1320 3623 multitu-

129 3676 171 3742 30
199 3657 285 3729 dine
313 3656 558 3744 lacrimarum,
590 3659 684 3731 sicut
714 3659 926 3731 Patriarcha
947 3660 1069 3741 Iacob,
1101 3659 1138 3731 in
1168 3659 1328 3730 modum.

199 3765 319 3837 crucis
347 3767 560 3838 cancellatis
576 3765 757 3847 manibus,
780 3766 875 3837 filios
895 3781 932 3838 et
953 3766 1085 3837 iratres
1103 3781 1321 3862 praesentes

200 3887 237 3943 et
265 3872 407 3945 futuros
437 3873 472 3944 in
503 3871 640 3944 Christi
662 3874 812 3945 nomine
833 3872 1035 3945 benedixit.
1093 3872 1246 3944 Etcum
1266 3871 1321 3943 in-

199 3994 314 4050 staret
342 3979 434 4051 hora
461 3978 698 4052 resolutionis
727 3980 816 4061 eius,
849 3996 959 4076 rogat
988 3980 1120 4052 iratres
1148 3980 1196 4051 de
1224 3994 1321 4051 tran·

200 4084 270 4156 situ
299 4111 368 4158 suo
405 4084 534 4158 laudes
567 4086 653 4158 Deo
688 4088 909 4167 decantare;
941 4103 979 4157 et
1008 4087 1088 4183 ipse
1120 4085 1156 4159 in
1194 4085 1319 4169 iubilo,

129 4211 168 4277 35
199 4190 293 4264 sicut
334 4191 466 4289 potuit,
510 4192 621 4265 dixit:
667 4192 772 4264 Voce
808 4217 891 4264 mea
927 4193 975 4264 ad
1013 4193 1218 4266 Dominum
1247 4193 1321 4266 cla-

271 4447 366 4518 28-29.
385 4448 408 4501 C
425 4449 604 4518 propinquum
