3142 4875
235 670 403 769 Incipit
431 670 670 746 secundum
700 668 1038 766 opusculum,et
1063 671 1230 743 devita
1257 671 1360 743 duo·

272 813 275 817 ·
318 811 412 859 rum
450 811 661 859 annorum
698 800 880 869 tantum,
917 800 960 857 et
992 785 1046 858 de
1082 783 1200 859 felici
1236 784 1358 858 obitu

316 898 562 975 beatissimi
595 900 734 997 patris
767 898 905 973 nostri
939 900 1178 974 Francisci.

318 1108 380 1179 88.
411 1104 601 1202 Superiori
631 1104 782 1201 quidem
806 1121 977 1192 tractatu,
1007 1132 1120 1203 quem
1141 1107 1262 1206 gratia
1281 1107 1360 1183 Sal·

183 1221 202 1285 5
233 1212 377 1286 vatoris
396 1237 565 1310 congruo
585 1213 658 1285 fine
678 1211 938 1299 conclusimus,
956 1212 1072 1285 vitam
1092 1228 1131 1287 et
1147 1231 1254 1288 actus
1273 1216 1359 1288 bea·
1436 1279 1438 1282 ,

233 1319 367 1392 tissimi
396 1319 513 1415 patris
533 1319 648 1392 nostri
679 1319 867 1394 Francisci
898 1345 1016 1416 usque
1035 1321 1083 1393 ad
1102 1337 1276 1394 octavum
1296 1323 1359 1395 de-

235 1426 372 1499 cimum
394 1424 648 1498 conversionis
663 1450 753 1500 suae
768 1451 908 1499 annum
924 1429 1133 1500 enarrando
1154 1444 1357 1525 utcumque

121 1541 123 1544 ’
234 1531 535 1629 conscripsimus.
582 1525 743 1629 Reliqua
755 1558 846 1606 vero
861 1550 970 1630 gesta
985 1530 1100 1629 ipsius
1113 1559 1135 1606 a
1150 1534 1357 1631 penultimo

234 1637 335 1712 vitae
372 1664 464 1712 suae
490 1664 600 1722 anno,
631 1656 744 1736 prout
777 1639 969 1736 potuimus
1003 1657 1105 1713 recte
1134 1641 1238 1724 scire,
1271 1641 1357 1714 huic

234 1743 417 1842 opusculo
445 1745 607 1819 breviter
634 1746 888 1829 adnectemus,
919 1761 958 1818 et
978 1772 1024 1820 ea
1047 1745 1136 1830 sola,
1169 1773 1265 1843 quae
1295 1774 1356 1822 ne·

234 1851 400 1925 cessario
437 1852 559 1950 magis
596 1869 805 1935 occurrunt,
836 1853 1093 1949 adpraesens
1129 1853 1357 1927 intendimus

193 2037 200 2046 ,
232 1959 429 2040 adnotare,
447 1974 488 2031 ut
506 1957 568 2055 qui
588 1960 672 2054 plus
692 1959 761 2030 hiis
781 1959 906 2043 dicere
926 1958 1090 2055 cupiunt,
1109 1961 1199 2056 quid
1213 1961 1357 2034 addant

234 2089 385 2161 semper
401 2064 550 2137 valeant
570 2066 746 2137 invenire.
795 2066 910 2138 Anno
929 2065 1113 2162 siquidem
1133 2067 1357 2141 Dominicae

233 2172 503 2245 incarnationis
531 2171 725 2245 millesimo
744 2172 1003 2246 ducentesimo
1028 2173 1206 2246 vicesimo
1233 2190 1353 2259 sext0,

158 2290 199 2354 15
233 2294 367 2375 quarta
390 2278 536 2353 decima
556 2277 769 2364 indictione,
790 2295 924 2376 quarto
944 2304 1063 2351 nonas
1082 2279 1271 2366 Octobris,
1293 2280 1356 2354 die

232 2385 432 2470 dominico,
464 2384 701 2459 beatissimus
721 2402 828 2483 pater
848 2402 974 2460 noster
991 2386 1259 2473 Franciscus,
1250 2412 1287 2461 m
1307 2387 1355 2461 ci·

230 2492 347 2565 vitate
361 2474 506 2577 Assisii,
524 2494 571 2565 de
588 2519 661 2589 qua
675 2510 779 2567 ortus
794 2509 862 2581 est,
878 2495 978 2591 apud
998 2494 1175 2567 Sanctam
1195 2478 1354 2567 Mariam

231 2600 280 2672 de
309 2599 556 2683 Portiuncula,
588 2599 649 2672 ubi
674 2599 844 2673 ordinem
873 2601 1026 2673 fratrum
1055 2600 1282 2674 Minorum
1274 2627 1354 2698 ipse

231 2703 354 2803 primo
381 2704 571 2801 plantavit,
603 2706 762 2802 expletis
789 2707 921 2805 viginti
950 2707 1057 2780 annis
1093 2733 1141 2780 ex
1164 2728 1245 2828 quo
1273 2733 1354 2805 per·

154 2821 201 2869 20
231 2809 434 2885 lectissime
470 2812 640 2886 adhaesit
674 2811 835 2898 Christo,
866 2804 1135 2909 Apostolorum
1171 2814 1285 2887 vitam
1316 2830 1354 2886 et

230 2918 392 3017 vestigia
428 2944 602 3017 sequens,
633 2945 810 3018 egressus
845 2921 892 2992 de
922 2920 1043 2993 carnis
1071 2920 1273 3018 ergastulo,
1304 2922 1354 2994 ad

232 3024 447 3099 caelestium
468 3026 662 3123 spirituum
683 3026 906 3110 mansiones,
930 3028 1094 3123 perfecte
1112 3052 1210 3122 quae
1229 3027 1354 3124 coepit
1412 3024 1416 3032 ’

231 3156 504 3217 consummans
527 3132 739 3206 felicissime
759 3132 980 3206 convolavit.
1039 3134 1135 3205 Cum
1151 3133 1301 3229 hymnis
1315 3150 1354 3206 et

220 3238 412 3324 laudibus,
429 3239 465 3312 in
477 3264 521 3312 ea
532 3239 692 3322 civitate,
705 3265 851 3312 sacrum
863 3256 900 3312 et
909 3256 1078 3313 sanctum
1092 3265 1227 3338 corpus
1238 3240 1354 3336 ipsius

153 3365 197 3429 25
230 3344 450 3418 collocatum
467 3342 538 3418 'est
565 3361 603 3418 et
631 3346 835 3419 honorifice
855 3347 1098 3432 reconditum,
1126 3348 1187 3420 ubi
1207 3348 1254 3420 ad
1274 3345 1353 3445 glo-

228 3452 321 3525 riam
338 3450 619 3550 Omnipotentis
634 3452 757 3526 multis
772 3469 944 3527 coruscat
958 3453 1154 3528 miraculis.
1210 3454 1348 3526 Amen.
1399 3519 1401 3523 .

302 3663 359 3733 ¹·3ss
378 3662 424 3717 As
440 3681 505 3727 om.,·
525 3664 550 3718 E
567 3663 662 3734 Incipit
678 3663 745 3718 liber
762 3663 906 3717 secundus.
945 3662 1095 3725 Quomodo
1114 3663 1147 3716 de
1167 3664 1221 3718 hoc
1240 3661 1350 3716 saeculo

227 3745 369 3797 transierit
453 3760 475 3797 1.
497 3744 676 3815 Os,Ropus
729 3745 771 3808 H,
793 3745 828 3807 L,
850 3745 899 3809 Os,
920 3745 1077 3808 R,Wom.
1098 3756 1124 3797 et
1201 3759 1225 3796 2.
1247 3744 1281 3797 Os
1300 3760 1350 3796 um.

204 3822 210 3829 ’
227 3836 333 3876 tantum
382 3824 468 3894 obitu]
483 3826 513 3877 M
525 3825 618 3878 habitu
693 3841 716 3894 3.
731 3823 877 3877 beatissimi
894 3823 974 3891 patris
987 3825 1071 3876 nostri
1087 3823 1235 3892 Francisci]
1249 3823 1278 3876 H
1289 3839 1350 3876 san·

227 3902 337 3955 ctissimi
357 3921 383 3973 p.
401 3921 429 3957 n.
447 3903 493 3966 F.,·
514 3904 535 3957 L
554 3905 639 3958 sancti
659 3906 703 3969 F.,·
726 3906 761 3959 Os
780 3905 852 3964 eius;
881 3905 922 3959 Ox
946 3905 1067 3957 eiusdem
1087 3904 1155 3957 beati
1175 3903 1203 3957 F.
1276 3920 1301 3968 4.
1322 3906 1352 3957 M

225 3993 369 4036 tractatum
435 3984 584 4054 5.fine]M
592 4002 718 4040 sermone
762 3984 796 4036 W
807 3996 896 4038 actum
962 3983 1021 4052 5-6.
1035 3986 1071 4052 L,
1088 3986 1129 4039 Or
1143 3986 1213 4038 beati
1275 3984 1352 4039 aus

226 4080 276 4116 om.
292 4064 377 4117 nostri
450 4080 474 4133 7.
491 4067 521 4119 M
536 4066 747 4119 conversationis
802 4065 848 4119 As
862 4065 1045 4118 enarrandum
1118 4065 1143 4119 8.
1164 4065 1198 4115 W
1211 4067 1351 4133 conspexi-

227 4159 288 4196 mus
344 4136 423 4215 '9AE
441 4161 520 4211 anno,
533 4162 619 4216 usque
638 4146 671 4197 ad
690 4144 798 4200 felicem
818 4146 902 4215 ipsius
922 4145 1037 4209 obitum,
1051 4157 1131 4215 prout
1207 4160 1247 4199 ιο.
1266 4145 1351 4198 brevi-

225 4223 276 4292 ter]
297 4226 332 4278 W
343 4239 416 4279 recte
491 4225 530 4279 16,
548 4226 583 4280 Os
598 4244 647 4279 om.
666 4239 758 4279 noster
835 4242 874 4297 ¹9·
891 4225 921 4279 H
935 4227 1028 4295 viginti
1045 4225 1164 4295 quinque
1170 4244 1179 4286 ,¹
1203 4226 1237 4279 Os
1256 4226 1350 4277 decem

226 4318 268 4370 24.
291 4305 336 4360 AS
358 4304 402 4359 illa
457 4305 499 4371 H,
526 4307 561 4360 Os
584 4317 787 4359 sacrosanctum
879 4321 920 4375 25.
946 4305 1108 4374 honorifice]
1136 4307 1170 4359 Os
1193 4306 1221 4357 in
1244 4304 1348 4359 honore

226 4383 321 4452 25·26.
343 4386 441 4441 Osubi
461 4386 539 4440 etad
559 4403 585 4457 g.
606 4385 642 4441 Ο.
663 4386 716 4439 Dei
790 4385 833 4440 26.
852 4386 893 4451 H,
914 4386 936 4439 L
955 4403 1003 4439 orn.
1024 4388 1114 4438 Amen
