3142 4875
255 333 330 426 308
630 359 803 408 Lennium
830 359 996 410 SECUNDA

253 606 399 662 raturae
419 590 520 663 dono
539 588 777 687 praecellere,
796 591 878 686 plus
898 606 1022 662 tamen
1045 590 1080 661 in
1100 589 1266 663 moribus
1285 590 1371 688 piae

251 695 495 793 simplicitatis
524 697 727 795 imaginem
762 714 882 793 gerat,
918 696 1148 794 [fov]eatque
1182 698 1367 771 virtutem.

251 804 377 876 Homo
405 802 469 898 qui
488 819 704 877 exsecretur
723 802 930 899 pecuniam,
953 820 1101 876 nostrae
1130 803 1371 901 professionis

250 926 289 983 et
315 909 555 1007 perfectionis
573 910 814 1007 praecipuam
841 909 1101 1006 corruptelam,
1124 910 1262 1007 quique
1282 937 1370 1009 pau-

251 1017 349 1112 peris
364 1016 555 1114 religionis
570 1033 692 1113 caput,
707 1016 926 1090 imitandum
942 1042 983 1089 se
999 1017 1156 1090 caeteris
1170 1019 1366 1115 praebens,
1401 1048 1418 1112 5

252 1121 358 1196 nullis
382 1149 546 1220 unquam
560 1122 690 1196 loculis
704 1122 890 1196 abutatur.
947 1122 1138 1209 Sufficere,
1157 1123 1285 1221 inquit,
1308 1127 1370 1199 de-

250 1232 314 1303 bet
329 1231 414 1303 huic
434 1256 502 1328 pro
522 1257 562 1303 se
581 1230 730 1303 habitus
750 1246 788 1303 et
807 1229 961 1313 libellus,
993 1256 1061 1326 pro
1089 1230 1261 1304 fratribus
1280 1257 1369 1305 vero

251 1337 470 1434 pennarium
500 1355 537 1410 et
571 1336 744 1434 sigillum.
803 1338 889 1409 Non
926 1336 973 1409 sit
1000 1355 1234 1435 aggregator
1261 1337 1370 1411 libro-

250 1471 343 1526 rum,
362 1469 430 1516 nec
446 1442 594 1517 lectioni
625 1442 778 1516 multum
797 1444 970 1528 intentus,
990 1469 1036 1516 ne
1055 1444 1227 1517 detrahat
1245 1445 1369 1519 officio

251 1550 351 1647 quod
380 1567 582 1649 praerogat
610 1550 744 1623 studio.
804 1551 930 1623 Homo
959 1550 1022 1646 qui
1048 1552 1260 1624 consoletur
1278 1552 1369 1626 affli-
1403 1578 1444 1623 10

250 1674 340 1741 ctos,
382 1683 466 1729 cum
509 1657 555 1729 sit
593 1656 761 1729 ultimum
800 1657 986 1755 refugium
1024 1656 1216 1743 tribulatis
1249 1685 1306 1744 ne,
1338 1661 1368 1732 si

249 1765 349 1862 apud
369 1791 454 1837 eum
475 1764 642 1837 remedia
657 1763 844 1837 defuerint
862 1764 1073 1847 sanitatum,
1096 1765 1369 1861 desperationis

250 1873 401 1944 morbus
420 1872 634 1969 praevaleat
655 1871 727 1969 [in]
766 1870 971 1970 infirm[i]s.
1029 1872 1228 1944 Protervos
1254 1890 1293 1945 ut
1320 1874 1369 1946 ad

249 1978 572 2051 mansuetudinem
602 1977 736 2060 flectat,
766 2003 807 2050 se
835 1977 955 2076 ipsum
985 1993 1205 2074 prosternat,
1237 1996 1275 2052 et
1302 1981 1368 2053 ali·

249 2086 338 2181 quid
362 2085 417 2157 sui
447 2083 535 2157 iuris
564 2085 716 2170 relaxet,
734 2100 774 2157 ut
794 2085 955 2158 animam
981 2083 1184 2159 lucrifaciat
1204 2085 1365 2160 Christo.
1402 2112 1439 2179 15

248 2193 311 2264 nd
341 2194 494 2290 refugos
524 2189 686 2275 Ordinis,
717 2190 819 2265 velut
847 2192 894 2265 ad
923 2217 1014 2264 oves
1043 2217 1140 2289 quae
1167 2194 1365 2291 perierant,

249 2298 392 2372 viscera
419 2297 568 2396 pietatis
597 2323 670 2370 non
700 2297 857 2381 claudat,
880 2298 1002 2371 sciens
1030 2298 1256 2373 tentationes
1284 2325 1367 2375 esse

248 2406 468 2504 pervalidas,
491 2431 586 2502 quae
606 2406 654 2479 ad
679 2422 823 2479 tantum
839 2421 996 2503 possunt
1015 2405 1206 2504 impellere
1226 2432 1363 2481 casum.

271 2596 272 2599 Ἴ
334 2516 415 2585 186.
429 2513 614 2587 Honorari
626 2538 711 2585 eum
727 2511 808 2585 vice
825 2512 960 2585 Christi
976 2514 1109 2586 vellem
1122 2516 1169 2588 ab
1180 2514 1364 2600 omnibus

246 2639 284 2693 et
313 2621 349 2692 in
379 2619 596 2693 necessariis
628 2620 834 2716 [omnibus]
865 2618 934 2716 ipsi
963 2646 1046 2692 cum
1076 2619 1177 2693 omni
1202 2622 1368 2695 benevo-
1395 2645 1439 2693 20

246 2726 359 2800 lentia
379 2727 575 2824 provideri.
633 2726 773 2799 Verum
795 2742 986 2824 oporteret
1005 2753 1091 2800 eum
1112 2752 1185 2800 non
1202 2729 1367 2803 arridere

247 2834 459 2917 bonoribus
474 2859 595 2930 neque
610 2833 797 2906 favoribus
813 2834 1010 2931 plusquam
1026 2832 1165 2907 iniuriis
1175 2835 1363 2908 delectari.

246 2940 481 3036 Propensiori
519 2942 612 3025 cib0,
644 2940 674 3013 si
712 2942 864 3037 quando
903 2940 962 3013 vel
999 2940 1131 3013 debilis
1159 2940 1219 3014 vel
1248 2942 1366 3017 lassus

244 3064 385 3145 egeret,
409 3073 482 3120 non
499 3047 535 3118 in
550 3046 686 3120 abditis
706 3048 772 3120 sed
793 3047 830 3119 in
859 3046 1015 3145 publicis
1034 3048 1126 3123 locis
1145 3067 1361 3134 assumeret,

247 3172 284 3227 ut
320 3154 400 3227 aliis
437 3152 628 3227 tolleretur
660 3155 887 3227 verecundia
923 3153 1106 3227 debilibus
1142 3156 1364 3251 providendi
1394 3177 1433 3244 25

245 3261 471 3358 corporibus
529 3261 592 3334 Ad
621 3287 707 3334 eum
737 3261 898 3335 maxime
918 3260 1079 3358 pertinet
1107 3260 1265 3335 latentes
1296 3264 1364 3359 [di-

244 3369 455 3467 s]tinguere
484 3368 741 3451 conscientias
772 3384 811 3441 et
840 3394 887 3441 ex
916 3367 1070 3441 occultis
1098 3368 1203 3442 venis
1231 3395 1364 3444 eruere

244 3475 448 3558 veritatem,
471 3501 655 3571 auresque
685 3501 758 3548 non
789 3474 933 3548 deferre
964 3473 1201 3572 multiloquis.
1258 3476 1363 3550 Talis

244 3582 405 3678 denique
425 3583 538 3655 debet
557 3608 651 3667 esse,
674 3581 736 3678 qui
765 3581 949 3654 retinendi
979 3580 1131 3654 honoris
1160 3584 1363 3681 cupiditate

245 3690 385 3761 virilem
414 3689 570 3762 sormam
600 3687 760 3762 iustitiae
783 3687 990 3761 nullatenus
1013 3690 1220 3773 labefactet,
1252 3690 1363 3787 quive
1393 3710 1433 3776 30

243 3814 386 3870 tantum
424 3796 586 3869 officium
623 3794 706 3892 plus
744 3795 812 3867 sibi
843 3796 920 3868 fore
949 3796 1086 3868 sentiat
1113 3796 1216 3870 oneri
1249 3823 1361 3894 quam

243 3904 385 3977 honori.
461 3904 546 3975 Non
588 3919 714 3975 tamen
757 3929 806 3975 ex
851 3901 1038 3999 superflua
1077 3904 1362 3978 mansuetudine

314 4184 336 4220 2.
357 4169 381 4220 A
402 4180 546 4238 teneatque
622 4183 662 4236 13.
682 4169 707 4220 A
727 4185 775 4221 orn.
792 4167 817 4219 in
838 4174 860 4220 et
875 4165 919 4236 leg.
939 4165 1061 4219 infirmos
1131 4181 1171 4233 15.
1191 4166 1224 4218 M
1235 4185 1283 4220 om.
1299 4168 1362 4221 iuris

246 4252 282 4298 18.
306 4252 325 4302 l<
345 4247 513 4317 praevalidas
586 4263 628 4301 20.
648 4247 673 4300 A
694 4265 743 4301 om.
762 4245 888 4299 omnibus
971 4261 1014 4300 22.
1034 4247 1132 4299 *tinec
1209 4262 1251 4313 24.
1271 4249 1301 4301 ,tl
1319 4265 1361 4301 su-

243 4342 326 4380 meret
400 4327 494 4398 26-27.
513 4329 537 4382 A
557 4330 713 4399 extinguere
781 4329 823 4382 28.
843 4326 998 4397 veritatem]
1021 4325 1053 4377 M
1070 4327 1195 4380 virtutem
1272 4345 1312 4399 31.
1332 4330 1365 4383 Μ

242 4427 290 4458 niu.
309 4408 365 4461 fore
