3142 4875
264 349 337 421 352
569 353 776 402 Tancrnrus
806 355 852 402 DE
882 354 1075 403 ttlirnct'tls

299 460 524 470 .-—————
1090 464 1109 468 .-
1113 465 1392 471 -.ψ-

261 696 319 765 De
333 692 497 764 dominio
510 693 609 786 qnod
619 691 753 762 ltnbnit
765 701 880 787 snper
890 694 1073 765 creaturis
1089 687 1386 769 insensibilibus.

581 809 773 903 Etpriino
792 810 834 879 dt
854 809 949 905 igne.
1000 811 1059 881 ΙΙΙ.

348 1036 403 1102 14.
434 1010 625 1106 Tempore
655 1008 876 1082 infirmitatis
905 1011 1109 1094 oculorum,
1141 1029 1274 1085 coacto
1304 1011 1386 1086 viro

261 1119 334 1191 Dei
365 1136 404 1190 ut
432 1115 573 1190 mederi
603 1116 671 1187 sibi
695 1132 900 1213 pateretur,
924 1134 1079 1189 vocatur
1097 1119 1144 1190 ad
1164 1120 1288 1192 locum
1310 1120 1386 1192 chi-

261 1226 441 1323 rurgicus,
501 1222 666 1295 Veniens
696 1222 809 1319 igitur
837 1224 995 1296 ferreum
1019 1225 1303 1298 instrumentum
1334 1229 1385 1299 ad
1417 1260 1433 1323 5

261 1349 431 1406 cocturas
469 1331 658 1403 faciendas
699 1329 828 1411 delert,
862 1331 1039 1427 iubetque
1081 1331 1157 1429 igni
1200 1333 1381 1420 submitti,

260 1441 380 1512 donec
411 1438 572 1535 igniatur
601 1452 638 1509 et
666 1436 798 1531 ipsum.
857 1437 909 1508 At
938 1440 1070 1510 beatus
1098 1455 1213 1534 pater,
1246 1465 1385 1537 corpus

261 1545 333 1620 iam
372 1546 525 1617 horrore
567 1569 788 1616 concussum
819 1546 1043 1627 confortans
1087 1545 1140 1617 sic
1182 1547 1385 1642 alloquitur

260 1654 405 1751 ignem:
438 1653 570 1723 Frater
598 1650 657 1732 mi,
691 1651 798 1747 ignis,
835 1650 992 1723 caeteris
1025 1655 1136 1725 rebus
1168 1655 1382 1726 aemulandi

260 1759 416 1835 decoris,
447 1759 665 1838 virtuosum,
697 1757 892 1852 pulchrum
928 1773 965 1829 et
1003 1759 1129 1832 utilem
1167 1776 1204 1831 te
1242 1761 1382 1832 creavit
1418 1788 1459 1835 10

260 1865 484 1938 Altissimus.
552 1864 645 1935 Esto
675 1863 761 1934 mihi
793 1864 827 1935 in
859 1865 927 1937 bac
957 1866 1048 1938 hora
1078 1867 1269 1963 propitius,
1300 1885 1383 1941 esto

261 1972 418 2050 curialis.
450 1971 537 2067 quia
566 1970 652 2043 olim
673 1987 709 2042 te
730 1969 843 2043 dilexi
864 1970 898 2042 in
916 1972 1092 2044 Domino.
1153 1974 1287 2046 Precor
1308 2001 1382 2047 ma-

260 2106 376 2177 gnum
397 2078 602 2150 Dominum
632 2077 693 2173 qui
724 2094 760 2150 te
781 2079 930 2163 creavit,
955 2096 995 2150 ut
1020 2096 1123 2151 tuum
1154 2081 1267 2153 modo
1285 2082 1384 2154 calo-

259 2213 337 2259 rem
355 2201 547 2282 temperet,
567 2210 642 2279 quo
657 2184 820 2255 suaviter
840 2202 1009 2258 urentem
1025 2187 1168 2259 valeam
1184 2186 1379 2261 sustinere.

261 2293 442 2365 Oratione
482 2292 592 2372 linita,
635 2292 754 2363 crucis
783 2292 893 2388 signo
931 2292 1057 2389 ignem
1094 2293 1303 2391 consignat,
1344 2314 1384 2368 et
1419 2325 1459 2390 15

260 2401 439 2496 deinceps
459 2399 665 2494 intrepidus
684 2415 836 2494 perstat.
886 2398 1051 2473 Sumitur
1068 2399 1103 2472 in
1125 2401 1295 2474 manibus
1309 2418 1384 2475 tor·

262 2533 346 2579 rens
366 2523 403 2577 et
423 2508 621 2579 candidum
645 2507 792 2589 ferrum,
816 2507 962 2603 lugiunt
991 2508 1121 2579 iratres
1150 2509 1385 2584 humanitate

260 2613 364 2693 victi;
388 2612 506 2684 lactus
526 2629 563 2684 et
592 2614 714 2684 alacer
733 2613 830 2685 serto
851 2640 891 2684 se
911 2614 1057 2685 subiicit
1077 2631 1237 2687 sanctus,
1296 2618 1383 2690 Pro·

262 2721 436 2792 fundatur
456 2719 641 2815 crepitans
662 2720 798 2791 serrum
820 2720 855 2792 in
879 2739 1008 2793 tenera
1024 2747 1143 2802 carne,
1169 2738 1205 2793 et
1225 2724 1272 2794 ab
1291 2748 1383 2797 aure

260 2827 308 2899 ad
333 2826 568 2922 supercilium
599 2842 755 2897 tractum
788 2844 938 2900 coctura
959 2827 1195 2923 protrahitur.
1255 2829 1384 2923 Quan·
1415 2858 1458 2905 20

261 2952 339 3005 tum
369 2933 589 3027 irrogaverit
618 2933 715 3031 ignis
745 2933 804 3006 ille
833 2932 1012 3017 dolorem,
1035 2936 1126 3017 eius
1158 2936 1219 3031 qui
1250 2936 1384 3010 melius

263 3040 374 3124 nouit,
397 3042 513 3111 sancti
530 3041 644 3112 verba
664 3057 858 3113 testantur.
908 3041 1005 3113 Nam
1022 3040 1181 3114 reversis
1201 3043 1262 3138 qui
1278 3043 1384 3140 fuge·

261 3164 344 3221 rant
364 3145 544 3229 fratribus
577 3146 773 3218 subridens
801 3146 895 3218 dixit
923 3164 1045 3243 pater:
1071 3148 1325 3222 pusillanimes
1346 3168 1385 3224 et

262 3254 396 3327 modici
417 3254 549 3335 cordis,
569 3279 684 3349 quare
706 3253 873 3351 fugistis?
930 3256 969 3325 ln
986 3255 1142 3328 veritate
1157 3256 1241 3328 dico
1262 3259 1380 3341 vobis,

262 3388 330 3433 nec
360 3362 457 3457 ignis
486 3362 657 3432 ardorem
687 3361 797 3443 sensi,
830 3387 898 3433 nec
920 3360 1031 3433 ullum
1060 3363 1180 3434 carnis
1200 3361 1380 3437 dolorem.
1416 3391 1456 3457 25

261 3469 309 3540 Et
340 3494 541 3540 conversus
569 3467 617 3540 ad
647 3468 851 3539 medicum:
884 3468 1017 3541 Sinon
1047 3485 1112 3551 est,
1143 3470 1270 3565 inquit,
1295 3497 1383 3544 caro

260 3577 356 3647 bene
386 3576 552 3655 decocta,
585 3573 754 3669 imprime
785 3576 929 3647 iterum.
996 3576 1185 3671 Expertus
1214 3577 1383 3650 medicus

261 3681 458 3754 dissimiles
487 3706 595 3754 casus
625 3681 660 3752 in
690 3680 796 3753 simili
820 3683 927 3762 sacto,
951 3683 1115 3755 divinum
1136 3684 1207 3756 hoc
1228 3684 1383 3758 miracu-

261 3791 335 3861 lum
365 3788 505 3870 extulit,
538 3788 683 3859 dicens:
716 3787 813 3859 Dico
842 3789 958 3869 vobis,
994 3789 1134 3873 fratres,
1166 3791 1240 3862 vidi
1276 3791 1383 3865 mira-

260 3897 347 3968 bilia
375 3895 498 3967 hodie.
557 3895 669 3966 Forte
690 3895 736 3966 ad
758 3894 1007 3968 innocentiam
1029 3894 1184 3992 primam
1207 3898 1379 3983 redierat,
1414 3926 1456 3990 30

260 4002 328 4083 cui,
362 4028 445 4073 cum
475 4002 633 4085 volebat,
668 4002 959 4074 mansuebantur
987 4002 1152 4076 immitia.

346 4130 401 4199 15.
440 4107 582 4180 Volens
625 4108 852 4205 quandoque
893 4109 1026 4181 beatus
1069 4111 1291 4184 Franciscus
1331 4115 1382 4185 ad

260 4215 460 4310 quemdam
490 4241 658 4286 eremum
688 4241 859 4312 pergere,
892 4231 932 4288 ut
961 4216 1098 4288 ibidem
1126 4216 1275 4291 liberius
1296 4244 1382 4292 con·

260 4320 489 4415 templationi
519 4336 677 4403 vacaret,
697 4321 782 4416 quia
812 4322 944 4395 debilis
972 4339 1052 4395 erat
1081 4348 1154 4396 non
1179 4324 1378 4407 modicum,

260 4449 282 4494 a
311 4427 472 4519 quodam
493 4452 658 4522 paupere
678 4428 757 4499 viro
785 4429 834 4501 ad
863 4428 1105 4525 equitandum
1127 4432 1286 4505 obtinuit
1312 4432 1381 4505 asi·
1412 4458 1427 4523 3
1436 4459 1452 4524 5
