3142 4875
233 351 285 419 60
635 371 805 420 euoenon
835 373 946 420 rursm

235 481 304 488 -2
310 480 630 488 --..-——-.....,.
908 480 1354 489 -—-—.-—--———-—

230 605 446 678 muneribus
484 605 609 678 multis
644 606 691 678 ad
728 604 877 678 divitias
913 605 1039 678 mundi
1075 605 1240 678 animum
1275 604 1356 677 eius

229 711 420 785 inflectere
457 713 673 786 conabatur.
731 712 807 785 Sed
846 739 928 785 cum
960 712 1114 785 vidisset
1150 737 1236 785 eum
1265 727 1356 783 stre-

230 819 416 914 nuissimex
436 819 562 892 omnia
590 817 691 892 velut
718 834 884 891 stercora
904 821 1217 902 contemnentem,
1240 817 1356 891 admi-

229 926 374 1000 ratione
403 925 566 998 maxima
585 925 748 1022 repletus
768 942 835 1008 est,
858 942 896 999 et
916 927 1020 1022 quasi
1042 926 1159 998 virum
1181 925 1356 998 omnibus

229 1030 445 1105 dissimilem
488 1031 701 1104 intuebatur
742 1058 840 1106 eum.
910 1034 1105 1108 Permotus
1147 1048 1205 1105 est
1245 1030 1355 1103 valde
1386 1057 1407 1123 5

229 1139 354 1211 verbis
382 1139 472 1236 eius,
495 1155 534 1210 et
562 1163 647 1211 eum
668 1138 913 1212 libentissime
932 1139 1119 1212 audiebat.
1178 1140 1218 1211 ln
1239 1137 1355 1210 omni·

230 1246 300 1318 bus
336 1245 393 1317 his
429 1245 615 1317 Dominus
651 1246 766 1343 ipsius
802 1245 1029 1319 desiderium
1067 1271 1140 1319 non
1175 1245 1351 1341 implevit,

230 1351 530 1464 praerogativam
559 1351 608 1424 illi
638 1376 834 1425 reservans
862 1355 1006 1451 gratiae
1034 1353 1243 1450 singularis

388 1820 447 1891 De
467 1821 744 1914 praedzialzbne
771 1823 901 1892 avium
929 1832 963 1892 et
989 1819 1191 1892 obedientia

571 1947 843 2008 creaturarum.
902 1936 1007 2008 XXI.
1389 1970 1430 2016 10

226 2169 228 2173 ’
314 2150 373 2239 58.
433 2149 578 2221 interea
607 2149 706 2234 dum,
734 2149 829 2220 sicut
858 2148 996 2221 dictum
1026 2165 1093 2233 est,
1117 2148 1218 2221 multi
1240 2174 1353 2246 appo-

230 2252 287 2326 siti
309 2271 395 2326 sunt
420 2256 468 2327 ad
497 2255 637 2339 fratres,
661 2255 896 2327 beatissimus
916 2273 1022 2352 pater
1043 2256 1264 2328 Franciscus
1284 2258 1353 2329 lter

230 2361 392 2433 faciebat
430 2388 497 2458 per
532 2361 666 2434 vallem
709 2360 971 2460 Spoletanam.‘
1022 2363 1097 2457 Qui
1139 2364 1187 2436 ad
1229 2363 1351 2434 locum

231 2469 432 2564 quemdam
461 2468 638 2565 applicuit
666 2495 783 2567 prope
813 2470 1040 2547 Mevanium.
1064 2471 1100 2542 in
1120 2495 1195 2567 quo
1214 2469 1351 2542 diversi

127 2658 129 2661 ¹
230 2574 381 2672 generis
406 2592 637 2673 congregata
666 2592 746 2649 erat
775 2576 898 2649 avium
923 2577 1117 2675 [maxima]
1140 2559 1348 2659 multitudd‚
1386 2604 1426 2668 15

230 2679 485 2754 columbarum
503 2681 721 2781 [videlicet]‚
736 2684 1007 2756 cornicularum
1024 2700 1061 2755 et
1075 2684 1241 2768 aliarum,
1255 2706 1351 2778 quae

229 2789 344 2886 vulgo
374 2791 558 2863 monadae
585 2806 776 2863 vocantur.
835 2790 915 2862 Has
941 2816 1025 2863 cum
1044 2790 1200 2862 vidisset
1218 2790 1352 2863 beatis-

228 2893 343 2967 simus
363 2921 492 2968 servus
521 2895 594 2968 Dei
620 2898 851 2979 Franciscus‚
876 2899 963 2993 quia
978 2898 1091 2969 homo
1112 2896 1262 2970 maximi
1283 2897 1351 2968 ser·

227 3001 327 3073 voris
349 3019 438 3085 erat,
462 2995 641 3100 magnum
671 3004 782 3077 etiam
813 3004 911 3076 circa
940 3003 1134 3076 inferiores
1154 3019 1192 3075 et
1212 3003 1351 3075 irratio·

229 3108 371 3181 nabiles
409 3127 599 3183 creaturas
637 3110 785 3208 pietatis
821 3127 934 3207 atque
973 3109 1180 3183 dulcedinis
1213 3135 1351 3208 gerens
1381 3132 1426 3179 20

228 3214 410 3299 affectum,
435 3217 606 3289 alacriter
634 3216 796 3289 cucurrit
824 3218 873 3289 ad
902 3243 975 3299 eas,
1008 3217 1044 3289 in
1073 3218 1134 3288 via
1160 3215 1271 3289 sociis
1290 3218 1352 3289 de·

229 3322 376 3405 relictis.
435 3323 531 3395 Cum
562 3340 687 3398 autem
716 3323 805 3397 satis
834 3349 952 3420 prope
981 3322 1053 3396 iam
1083 3341 1192 3406 esset,
1220 3322 1351 3396 videns

230 3429 331 3524 quod
360 3455 446 3502 eum
474 3430 800 3526 praestolarentur,
834 3432 933 3527 ipsas
963 3456 1065 3503 more
1086 3429 1195 3503 solito
1219 3428 1351 3503 saluta·

229 3536 291 3608 vit.
347 3536 423 3609 Sed
443 3537 632 3609 admirans
653 3563 726 3609 non
748 3528 936 3610 modicum
957 3540 1147 3633 quomodo
1167 3563 1255 3609 aves
1277 3562 1349 3608 non

229 3642 477 3716 surrexissent
506 3643 541 3715 in
573 3644 711 3741 sugam,
744 3644 795 3716 uti
825 3645 946 3717 lacere
976 3643 1107 3726 solent,
1136 3642 1277 3741 ingenti
1297 3668 1350 3715 re·
1380 3666 1421 3732 25

227 3750 349 3845 pletus
368 3750 509 3849 gaudio
530 3750 717 3823 humiliter
736 3752 959 3847 deprecatus
974 3767 1031 3823 est
1046 3777 1120 3835 eas
1141 3768 1180 3824 ut
1193 3752 1349 3823 verbum

298 3975 321 4012 2.
341 3960 399 4021 As,
422 3961 463 4023 H,
487 3961 521 4013 0,-
540 3959 646 4013 llectere
732 3975 791 4029 2-3.
813 3960 847 4013 0,-
866 3978 914 4012 0m.
935 3961 1122 4013 strenuissime
1212 3975 1234 4025 ς.
1253 3959 1283 4011 Η
1300 3975 1348 4009 om.

225 4044 317 4093 omnia
373 4044 512 4096 Pstercus
585 4059 645 4110 4-5.
666 4043 712 4096 AS
730 4055 778 4107 est,
794 4043 856 4113 quia
873 4061 897 4094 v.
914 4050 936 4095 ct
954 4060 1002 4093 om.
1019 4057 1081 4094 eurn
1156 4056 1178 4107 5.
1198 4040 1220 4093 R
1242 4058 1291 4092 om.
1310 4050 1352 4091 est

225 4122 400 4175 8.Pservans
477 4137 515 4191 15.
530 4123 622 4176 Orom.
635 4134 798 4192 congregata
810 4134 867 4174 erat
912 4120 1222 4190 avium]llanimalium
1269 4120 1353 4183 ao>-

225 4217 274 4251 0m.
294 4201 414 4253 maxima
490 4200 530 4255 16.
546 4204 568 4255 B
582 4201 685 4255 scilicet
761 4218 800 4270 17.
820 4202 879 4266 As,
899 4201 934 4267 P,
959 4200 979 4253 R
1000 4200 1156 4261 monaclae;
1176 4200 1226 4263 Os,
1248 4199 1281 4250 W
1293 4214 1354 4250 mo·

226 4278 359 4342 nedulae;
382 4282 423 4334 Ox
442 4281 604 4334 monaculae
699 4282 791 4350 17·18.
812 4282 834 4334 L
854 4283 963 4341 beatus;
986 4282 1008 4334 Ε
1026 4281 1196 4333 beatissimus
1216 4291 1291 4347 pater
1309 4278 1352 4333 Fr.

229 4374 320 4427 19-20.
337 4359 396 4421 As,
416 4362 438 4413 P
455 4361 624 4413 irrationales
697 4376 738 4414 21.
762 4362 797 4414 Os
812 4379 860 4414 om.
882 4361 1007 4413 alacriter
1080 4374 1121 4425 24.
1138 4357 1287 4430 quomodo]
1308 4358 1352 4411 AS

226 4437 300 4506 quod
374 4455 415 4507 25.
436 4441 457 4492 P
475 4452 502 4492 ut
521 4440 547 4492 in
567 4440 659 4507 fugam
679 4441 718 4492 uti
792 4440 887 4509 25-26.
907 4440 955 4494 As
973 4459 1021 4493 om.
1040 4440 1158 4509 repletus

273 4682 301 4711 0²
