3142 4875
615 314 719 363 annm
747 314 933 365 rnnncrscr
1259 293 1329 387 183

240 656 310 729 De
338 655 519 728 Sancta
551 653 705 727 Maria
739 653 797 727 de
831 652 1165 744 Portiuncula.
1223 656 1305 729 Xll.

299 871 355 941 18.
386 868 525 942 Servus
560 867 634 940 Dei
674 867 907 953 Franciscus,
950 892 1113 964 persona
1150 868 1332 953 modicus,

214 992 339 1050 mente
367 974 525 1061 humilis
543 974 777 1072 professione
805 974 935 1059 minor,
959 975 995 1048 in
1015 976 1167 1049 saeculo
1187 977 1335 1074 degens

213 1082 486 1182 portiunculam
523 1108 591 1180 pro
620 1106 660 1155 se
688 1095 727 1154 et
754 1080 831 1155 suis
860 1082 907 1155 de
945 1083 1086 1155 mundo
1120 1083 1247 1180 elegit,
1285 1108 1334 1155 ex

162 1220 183 1285 5
213 1216 288 1288 quo
316 1189 422 1264 aliter
450 1189 611 1273 Christo,
643 1187 712 1261 nisi
739 1188 789 1261 de
817 1189 957 1262 mundo
991 1188 1132 1286 aliquid
1165 1188 1331 1275 haberet,

213 1296 352 1371 servire
382 1320 455 1370 non
484 1296 615 1394 potuit.
673 1295 760 1369 Non
788 1296 889 1368 enim
917 1294 998 1368 sine
1012 1295 1260 1391 praescientia
1276 1294 1333 1370 di·

212 1403 287 1477 vini
315 1404 454 1478 oraculi
482 1429 505 1477 a
532 1402 665 1479 diebus
691 1402 855 1500 antiquis
873 1401 1110 1476 Portiuncula
1128 1402 1249 1477 dictus
1275 1419 1333 1477 est

213 1511 325 1591 locus,
357 1510 421 1608 qui
448 1511 611 1585 debebat
639 1509 675 1582 in
705 1508 848 1583 illorum
879 1510 1014 1584 cedere
1042 1526 1180 1584 sortem
1200 1510 1263 1607 qui
1283 1511 1331 1585 de

213 1618 353 1691 mundo
382 1617 582 1715 cupiebant
609 1616 758 1716 penitus
777 1615 834 1689 nil
847 1613 996 1690 habere.
1041 1618 1152 1691 'Nam
1172 1632 1210 1690 et
1229 1616 1265 1690 in
1286 1643 1332 1691 eo

143 1751 184 1798 10
214 1724 379 1823 Virginis
407 1725 536 1797 matris
564 1724 722 1799 ecclesia
758 1739 839 1798 erat
876 1740 1099 1808 constructa,
1131 1749 1227 1822 quae
1264 1751 1332 1797 sua
1409 1767 1411 1770 ·

212 1831 391 1929 singulari
420 1831 626 1906 humilitate
655 1829 790 1904 meruit
817 1846 903 1926 post
930 1830 1063 1903 Filium
1093 1855 1200 1903 suum
1221 1848 1333 1929 caput

213 1938 379 2013 omnium
398 1962 482 2012 esse
501 1938 735 2012 Sanctorum.
794 1937 835 2009 ln
856 1962 901 2010 ea
919 1937 1108 2011 Minorum
1128 1938 1221 2009 ordo
1235 1936 1332 2034 prin·

213 2044 349 2144 cipium
368 2044 536 2142 sumpsit,
559 2044 697 2117 ibidem
714 2042 906 2141 multiplici
926 2069 1080 2117 numero
1099 2043 1200 2117 velut
1220 2070 1332 2141 supra

212 2151 344 2226 stabile
359 2152 641 2225 fundamentum
656 2176 786 2225 eorum
804 2149 936 2224 nobilis
956 2166 1140 2224 structura
1158 2151 1328 2225 surrexit.

143 2285 181 2349 15
213 2259 324 2333 Hunc
352 2258 474 2332 locum
503 2275 654 2332 sanctus
682 2258 871 2331 adamavit
898 2282 988 2355 prae
1017 2257 1200 2342 omnibus,
1232 2258 1331 2332 hunc

212 2366 403 2464 praecepit
430 2366 562 2440 fratres
589 2365 739 2464 speciali
777 2366 985 2439 reverentia
1011 2365 1192 2452 venerari,
1233 2366 1332 2441 hunc

214 2475 314 2546 velut
341 2474 533 2570 speculum
553 2472 744 2572 religionis
763 2472 800 2544 in
821 2471 1028 2546 humilitate
1046 2498 1090 2545 ac
1109 2490 1331 2570 paupertate

213 2580 391 2653 altissima
418 2581 567 2678 semper
586 2579 702 2653 voluit
720 2579 908 2663 custodiri,
931 2578 1197 2678 proprietatem
1218 2606 1265 2653 ex
1284 2606 1331 2654 eo

212 2687 294 2759 aliis
321 2712 526 2773 reservans,
557 2685 625 2760 sibi
655 2703 693 2760 et
720 2687 797 2759 suis
831 2687 994 2760 retinens
1028 2713 1135 2759 usum
1172 2703 1328 2759 tantum.

137 2818 182 2865 20
298 2817 354 2884 19.
385 2793 613 2867 Servabatur
629 2793 765 2867 ibidem
781 2793 1007 2892 rigidissima
1023 2792 1059 2866 in
1080 2794 1251 2866 omnibus
1280 2795 1331 2867 di·

213 2900 376 2998 sciplina,
408 2917 484 2974 tam
516 2901 587 2997 [in]
618 2900 764 2974 silentio
797 2918 836 2973 et
863 2899 1001 2985 labore,
1034 2926 1145 2998 quam
1174 2902 1331 2974 caeteris

212 3008 445 3104 regularibus
473 3006 659 3081 institutis.
726 3008 887 3092 Nemini,
920 3007 989 3080 nisi
1016 3007 1227 3104 specialiter
1263 3008 1330 3081 fra-

211 3115 329 3186 tribus
348 3115 549 3210 deputatis,
570 3115 708 3187 ibidem
727 3116 882 3212 patebat
902 3114 1102 3212 ingressus,
1144 3140 1238 3211 quos
1267 3141 1330 3187 un·

212 3220 324 3317 dique
352 3237 585 3320 aggregatos
612 3220 762 3295 volebat
798 3237 949 3295 sanctus
977 3247 1065 3294 vere
1097 3222 1215 3318 [Deo]
1247 3248 1329 3295 esse

138 3352 158 3398 2
165 3351 181 3416 5
212 3326 379 3411 devotos,
398 3345 436 3401 et
455 3354 503 3400 ex
517 3329 619 3402 omni
634 3344 739 3425 parte
755 3329 952 3424 perlectos.
1006 3327 1068 3402 Sic
1084 3345 1121 3401 et
1134 3330 1234 3402 omni
1251 3355 1329 3402 sae·

212 3434 325 3507 culari
353 3460 536 3532 personae
565 3435 687 3509 omnis
705 3435 855 3534 penitus
874 3435 1186 3532 praecludebatur
1205 3437 1329 3509 introi·

210 3557 280 3613 tus.
339 3540 502 3614 Nolebat
530 3558 569 3615 ut
594 3542 726 3615 lratres
753 3541 978 3615 exsistentes
1006 3541 1154 3624 ibidem,
1178 3542 1239 3639 qui
1260 3545 1329 3616 sub

212 3663 314 3720 certo
343 3674 498 3721 numero
512 3651 761 3735 arctabantur,
778 3650 827 3722 ad
846 3649 1089 3722 saecularium
1111 3649 1328 3723 relationem

210 3753 396 3850 prurirent
425 3755 586 3840 auribus
609 3781 656 3828 ne
677 3756 993 3853 contemplatione
1022 3755 1231 3829 intermissa
1250 3783 1330 3830 cae-

139 3881 180 3946 30
210 3860 357 3934 lestium
394 3863 442 3934 ad
472 3862 685 3936 inferiorum
721 3863 944 3935 commercia
981 3889 1049 3959 per
1083 3863 1331 3960 rumigerulos

209 3961 455 4042 traherentur.
512 3971 598 4042 Non
618 3968 753 4042 licebat
771 3969 908 4042 ibidem
924 3969 1032 4043 alicui
1048 3971 1167 4042 otiosa
1186 3971 1327 4074 [verba]

209 4076 386 4170 prolerre,
426 4102 494 4149 nec
530 4077 668 4150 referre
703 4076 848 4176 prolata
881 4102 949 4173 per
983 4076 1085 4149 alios.
1151 4078 1265 4171 Quod
1300 4075 1329 4149 si

282 4293 610 4361 7.Rom.Portiuncula
685 4309 725 4346 21.
746 4293 770 4345 A
792 4311 840 4346 om.
857 4293 883 4344 in
959 4308 998 4358 24.
1013 4295 1036 4345 A
1052 4312 1099 4347 orn.
1117 4295 1176 4347 Deo
1251 4295 1329 4363 apl<

210 4382 332 4442 paterent
406 4390 445 4444 31.
463 4376 489 4428 A
508 4392 556 4428 one
577 4374 655 4427 verba
