3142 4875
231 332 283 398 40
633 333 805 382 taununx
834 334 945 382 parua

230 567 387 639 rentiam
407 566 625 663 aspirarent.
684 566 902 663 Coeperunt
923 566 1025 639 multi
1047 568 1094 639 de
1115 567 1265 664 populo
1289 593 1353 639 no·

230 673 324 747 biles
352 689 390 745 et
418 672 614 772 ignobiles
646 673 768 746 clerici
797 689 836 746 et
854 673 947 750 laici.
966 672 1091 746 divina
1111 673 1354 770 inspiratione

232 781 455 877 compuncti,
495 779 543 853 ad
580 796 750 854 sanctum
789 781 1029 853 Franciscum
1063 780 1253 862 accedere,
1293 807 1353 853 cu-

231 887 377 985 pientes
405 887 474 959 sub
503 887 583 959 eins
616 887 811 984 disciplina
848 904 886 959 et
919 886 1136 985 magisterio
1169 904 1354 984 perpetuo

232 993 400 1067 militare.
459 994 567 1086 Quos
594 1018 726 1065 omnes
754 1010 905 1066 sanctus
939 994 1022 1076 Dei,
1055 993 1155 1066 velut
1183 994 1354 1066 caelestis
1386 1021 1405 1085 5

232 1100 375 1199 gratiae
392 1101 490 1172 rivus
507 1100 714 1172 uberrimus
736 1100 999 1173 charismatum
1016 1100 1194 1172 imbribus
1213 1099 1351 1198 rigans,

231 1233 365 1306 agrum
395 1207 518 1279 cordis
546 1207 710 1303 ipsorum
738 1207 917 1279 virtutum
947 1206 1099 1280 floribus
1128 1208 1349 1280 exornabat:

232 1314 411 1412 egregius
440 1338 575 1409 nempe
604 1314 747 1396 artifex,
779 1313 828 1386 ad
857 1313 961 1385 cuius
990 1313 1155 1396 formam,
1183 1313 1352 1411 regulam

233 1438 272 1495 et
299 1422 517 1500 doctrinam,
549 1420 739 1493 efferendo
768 1419 980 1517 praeconio
1012 1421 1048 1491 in
1078 1437 1235 1518 utroque
1260 1446 1352 1492 sexu

234 1526 372 1604 Christi
402 1543 602 1600 renovatur
631 1526 800 1599 Ecclesia
829 1543 867 1600 et
886 1527 982 1599 trina
1001 1526 1205 1624 triumphat
1225 1525 1354 1598 militia
1388 1552 1429 1599 10

233 1634 507 1708 salvandorum.
565 1632 751 1707 Omnibus
779 1659 931 1730 quoque
968 1633 1155 1707 tribuebat
1185 1660 1353 1706 normam

233 1743 343 1822 vitae,
374 1767 417 1814 ac
446 1739 573 1813 salutis
602 1740 698 1813 viam
729 1741 763 1812 in
795 1739 895 1813 omni
925 1742 1043 1838 gradu
1073 1741 1256 1814 veraciter
1293 1741 1353 1813 de·

234 1848 478 1926 monstrabat.

317 1958 376 2048 38.
415 1954 489 2027 Sed
518 1954 566 2028 de
603 1954 745 2038 ordine,
785 1979 897 2051 quem
934 1952 1115 2027 charitate
1143 1955 1280 2050 pariter
1318 1971 1355 2027 et

234 2063 465 2160 professione
494 2062 696 2158 assumpsit
724 2078 761 2134 et
790 2062 919 2142 tenuit,
952 2060 1152 2158 praecipue
1173 2087 1297 2134 sermo
1318 2061 1353 2131 in
1389 2088 1426 2152 15

236 2169 407 2242 manibus
422 2184 489 2242 est.
548 2167 650 2262 Quid
665 2167 790 2240 enim?
841 2167 1024 2241 Ordinem
1044 2168 1215 2241 Fratrum
1236 2167 1355 2239 Mino·

234 2302 315 2348 rum
345 2275 514 2371 primitus
536 2275 615 2373 ipse
644 2274 835 2372 plantavit,
859 2291 897 2347 et
925 2299 971 2346 ea
999 2274 1139 2346 scilicet
1159 2275 1356 2347 occasione

235 2383 306 2456 hoc
322 2382 355 2456 ei
373 2408 509 2456 nomen
530 2382 721 2481 imposuit:
740 2407 825 2454 cum
842 2406 977 2479 nempe
992 2383 1045 2454 sic
1069 2382 1105 2454 in
1126 2383 1256 2480 regula
1271 2380 1355 2453 scri·

234 2492 404 2563 beretur:
436 2506 474 2561 et
501 2489 575 2561 sint
604 2489 784 2562 minores:
816 2489 864 2561 ad
894 2486 1001 2560 huius
1026 2489 1209 2561 sermonis
1238 2490 1356 2586 prola-

234 2596 375 2669 tionem
401 2622 446 2669 ea
467 2598 617 2693 quidem
636 2597 737 2677 hora,
752 2596 847 2677 volo,
862 2595 990 2691 inquit,
1011 2612 1050 2667 ut
1070 2596 1163 2667 ordo
1184 2597 1355 2669 Fratrum
1386 2619 1431 2668 20

127 2718 129 2721 ’
235 2703 423 2775 Minorum
446 2702 656 2775 fraternitas
675 2702 947 2775 haecvocetur.
1000 2701 1262 2801 [Humz'litas]
1308 2702 1357 2774 Et

235 2837 324 2883 vere
340 2811 512 2889 minores,
535 2809 597 2905 qui
618 2810 791 2882 omnibus
811 2807 947 2882 subditi
967 2808 1193 2882 exsistentes
1209 2834 1358 2905 semper

237 2919 468 3013 quaerebant
488 2916 610 2989 locum
631 2914 780 2989 vilitatis
795 2934 833 2988 et
853 2915 1015 2988 officium
1033 2942 1210 2989 exercere
1226 2916 1260 2988 in
1282 2940 1357 3012 quo

236 3024 421 3120 quaedam
443 3026 521 3096 fore
542 3024 673 3095 iniuria
693 3022 892 3105 videretur,
918 3038 957 3094 ut
976 3023 1029 3094 sic
1051 3024 1085 3094 in
1107 3024 1226 3096 solido
1246 3049 1357 3096 verae

237 3130 454 3203 humilitatis
469 3130 614 3203 fundari
632 3145 872 3211 mererentur,
893 3148 932 3201 ut
951 3129 1045 3201 felici
1061 3129 1305 3227 dispositione
1320 3131 1356 3201 in
1388 3154 1428 3218 25

237 3239 290 3310 eis
320 3254 565 3334 consurgeret
593 3237 758 3309 omnium
788 3237 966 3308 virtutum
1001 3236 1140 3310 fabrica
1169 3236 1354 3333 spiritalis.

241 3344 472 3439 [Charitas]
531 3345 679 3416 Revera
693 3369 807 3438 super
823 3344 1055 3416 constantiae
1075 3343 1358 3417 fundamentum

239 3451 429 3524 charitatis
459 3450 592 3523 nobilis
620 3467 806 3523 structura
834 3449 1004 3526 surrexit,
1036 3450 1071 3521 in
1102 3476 1176 3548 qua
1205 3451 1276 3523 vivi
1311 3450 1358 3521 la-

237 3558 354 3655 pides
373 3584 421 3629 ex
450 3558 623 3630 omnibus
653 3557 779 3629 mundi
801 3557 967 3653 partibus
997 3559 1216 3641 coacervati,
1234 3557 1357 3631 aedifi-

238 3666 308 3738 cati
338 3682 425 3736 sunt
454 3665 489 3736 in
519 3664 769 3738 habitaculum
791 3663 949 3761 Spiritus
965 3665 1093 3737 sancti.
1153 3666 1188 3737 Ο
1218 3682 1358 3761 quanto
1389 3686 1431 3753 30

316 3922 334 3958 1.
358 3906 376 3957 R
398 3904 568 3974 aspirassent.
643 3904 665 3956 8.
684 3905 733 3966 05,
752 3904 808 3965 (lx,
826 3903 846 3954 l’
864 3918 981 3971 namque
1058 3917 1095 3954 ιο.
1115 3901 1162 3954 AS
1178 3901 1248 3953 trina
1268 3899 1318 3953 fide
1339 3908 1360 3952 rt

239 4004 288 4037 otu.
308 3986 403 4038 militia
506 4001 544 4038 11.
561 3985 681 4055 quoque]
704 3985 738 4036 05
758 3984 853 4051 igitur,
875 3983 919 4034 AS
931 3999 978 4034 our.
1072 3998 1102 4045 14
1129 3982 1358 4051 Ppariteretinm

242 4064 512 4135 16.Bl²ratrumque
590 4080 626 4131 19.
643 4064 687 4117 As
700 4076 724 4114 et
739 4075 802 4115 suut
877 4077 971 4129 19-20.
988 4062 1008 4113 l’
1022 4061 1208 4131 probationem
1284 4062 1359 4114 toll

240 4164 287 4198 nnn
302 4158 329 4198 ut
395 4143 617 4213 23.vilitaris]H
628 4143 788 4195 humilitatis
826 4141 884 4204 AS,
901 4142 1096 4205 ,tf,()r,ll'er
1110 4140 1135 4191 in
1150 4156 1205 4210 quo
1270 4142 1361 4204 2405

240 4226 370 4296 quaedam
391 4242 459 4295 quae
479 4223 534 4276 fore
555 4224 649 4275 iniuria
670 4223 825 4275 viderentur
880 4222 908 4273 H
926 4222 952 4272 in
972 4221 1042 4272 solio
1116 4234 1157 4286 25.
1179 4220 1197 4271 R
1218 4218 1320 4271 fundati
1341 4229 1361 4272 ct

240 4324 289 4359 om.
304 4319 470 4359 mererentur
485 4317 511 4357 ut
586 4304 627 4357 28.
641 4303 681 4367 H,
697 4304 844 4365 ,moen
857 4301 972 4352 charitas
1014 4300 1131 4352 Rnobili
1207 4300 1364 4368 att-30me

242 4404 290 4437 orn.
311 4386 442 4438 aerlificari
