3142 4875
609 332 714 381 BEATI
742 331 929 380 FRANCISCI
1281 327 1299 398 7
1307 328 1325 399 5

204 440 475 449 -——-—-

204 564 305 638 mino
347 566 450 660 Papa
485 579 524 637 et
558 565 773 637 reverendis
812 563 1073 638 Cardinalibus
1109 563 1324 639 introduxit.

204 671 280 765 Qui
318 696 444 743 coram
483 671 595 744 tantis
630 670 859 769 principibus
895 672 1083 752 assistens,
1116 671 1263 745 licentia
1292 691 1330 746 et

204 777 467 851 benedictione
496 760 680 874 suscepta,
712 777 920 874 intrepidus
955 777 1054 874 loqui
1084 778 1219 874 coepit.
1278 779 1327 852 Et

206 884 392 983 quid[e]n·i
413 910 498 958 cum
519 901 623 958 tanto
643 885 789 958 fervore
808 886 959 982 spiritus
974 884 1205 981 loquebatur,
1228 887 1329 982 quod

157 1023 173 1086 5
207 1017 281 1064 non
310 1017 351 1064 se
386 993 539 1088 capiens
567 1017 657 1088 prae
699 990 849 1075 laetitia,
882 1018 967 1064 cum
996 1017 1043 1064 ex
1080 1017 1144 1064 ore
1172 995 1328 1064 verbum

205 1099 397 1196 proferret,
429 1098 547 1195 pedes
575 1098 681 1195 quasi
701 1098 870 1174 saliendo
890 1099 1077 1180 movebat,
1109 1123 1183 1170 non
1213 1115 1253 1171 ut
1280 1102 1330 1173 la·

206 1205 374 1287 sciviens,
407 1205 474 1278 sed
503 1221 543 1277 ut
572 1205 661 1302 igne
689 1205 802 1278 divini
833 1204 970 1278 amoris
993 1206 1139 1288 ardens,
1173 1204 1247 1277 n'on
1277 1207 1324 1278 ad

207 1312 319 1385 risum
362 1336 529 1397 movens,
569 1312 637 1384 sed
664 1311 856 1409 planctum
898 1312 1037 1385 doloris
1082 1328 1322 1408 extorquens.

207 1417 314 1491 Multi
347 1416 447 1490 enim
481 1418 646 1515 ipsorum
683 1419 897 1515 compuncti
927 1435 1022 1501 sunt,
1053 1418 1216 1492 divinam
1245 1444 1328 1515 gra·

140 1526 295 1603 10·tiam
329 1539 368 1597 et
399 1540 542 1600 tantam
575 1526 642 1597 viri
676 1525 924 1599 constantiam
957 1526 1196 1598 admirantes.
1256 1525 1327 1598 Ve-

206 1658 287 1704 rum
305 1631 526 1705 venerabilis
545 1631 719 1704 dominus
739 1634 938 1729 episcopus
958 1633 1170 1704 Hostiensis
1191 1633 1325 1706 timore

207 1763 411 1836 suspensus
439 1754 528 1823 erat,
561 1739 649 1811 totis
676 1738 880 1812 uisceribus
900 1764 1012 1811 orans
1031 1739 1079 1811 ad
1108 1740 1325 1823 Dominum,

209 1871 255 1918 ne
284 1845 381 1918 beati
397 1845 465 1918 viri
489 1861 792 1918 contemneretur
826 1844 1053 1941 simplicitas,
1083 1847 1259 1941 quoniam
1291 1849 1326 1918 in

207 1977 292 2025 eum
322 1952 440 2024 sancti
476 1951 596 2049 gloria
628 1952 833 2025 resultabat
867 1970 905 2025 et
933 1953 1108 2034 dedecus,
1141 1977 1187 2023 eo
1225 1954 1325 2049 quod
1430 1978 1433 1985 ’

139 2087 175 2151 15
208 2077 287 2132 erat
315 2075 422 2155 pater
450 2084 563 2154 super
590 2058 670 2131 eius
699 2059 876 2132 familiam
906 2059 1140 2158 constitutus

291 2186 351 2256 74.
406 2165 645 2238 Adhaeserat
668 2165 702 2238 ei
724 2181 886 2262 namque
913 2183 1063 2238 sanctus
1092 2164 1324 2250 Franciscus,

138 2361 144 2370 Ι
208 2288 398 2368 tamquam
427 2271 522 2344 filius
549 2271 645 2368 patri
674 2288 712 2344 et
740 2271 871 2345 unicus
897 2272 1003 2344 matri
1033 2297 1133 2354 suae,
1174 2298 1327 2348 securus

208 2377 243 2452 in
273 2378 354 2452 sinu
376 2380 596 2452 clementiae
615 2405 705 2452 suae
726 2379 916 2453 dormiens
935 2396 973 2452 et
992 2379 1200 2475 quiescens.
1262 2382 1341 2453 Pa·-

207 2486 317 2559 storis
346 2503 446 2559 certe
475 2484 534 2558 ille
554 2487 733 2583 implebat
752 2486 873 2559 vicem
892 2502 930 2559 et
950 2486 1110 2559 faciebat
1128 2513 1233 2583 opus,
1260 2489 1325 2561 sed

136 2622 180 2669 20
207 2610 337 2666 sancto
351 2593 432 2665 viro
447 2591 607 2690 pastoris
636 2594 836 2690 reliquerat
857 2619 1005 2667 nomen.
1063 2594 1201 2667 Beatus
1221 2612 1328 2691 pater

208 2700 417 2774 necessaria
445 2699 675 2796 providebat,
698 2701 766 2788 sed
794 2701 882 2772 selix
903 2699 962 2772 ille
987 2701 1160 2773 dominus
1180 2701 1329 2797 provisa

208 2807 352 2879 effectui
374 2806 620 2902 mancipabat.
680 2807 881 2903 Oquanti.
901 2808 1063 2879 maxime
1089 2806 1125 2880 in
1145 2807 1328 2905 principio

131 2950 135 2959 ·
208 2939 291 2986 cum
320 2914 413 2986 haec
441 2930 654 3011 agerentur,
678 2914 846 2987 novellae
867 2914 1087 3010 plantationi
1112 2914 1252 2987 ordinis
1278 2916 1328 2987 in·

207 3019 436 3093 sidiabantur
451 3037 490 3091 ut
506 3021 723 3117 perderent!
782 3021 818 3094 O
838 3021 966 3116 quanti
987 3022 1144 3095 electam
1165 3022 1325 3108 vineam,

136 3158 179 3225 ²5
208 3153 319 3223 quam
335 3128 522 3200 dominica
537 3152 668 3200 manus
684 3126 951 3224 benignissime
973 3153 1108 3200 novam
1130 3129 1165 3199 in
1188 3130 1327 3201 mundo

208 3233 408 3330 plantabat,
440 3234 656 3330 praelocare
684 3235 903 3307 studebant!
962 3235 1087 3328 Quam
1117 3236 1220 3307 multi
1259 3236 1327 3331 pri-

209 3364 298 3423 mos,
329 3357 367 3413 et
394 3341 613 3438 purissimos
641 3340 721 3413 eius
749 3342 890 3414 fructus
915 3342 1025 3414 furari
1046 3358 1084 3414 et
1105 3367 1325 3415 consumere

210 3446 437 3520 nitebantur!
496 3446 571 3541 Qui
601 3473 732 3520 omnes
759 3465 836 3521 tam
857 3448 1052 3521 reverendi
1072 3448 1188 3544 patris
1206 3467 1244 3522 et
1264 3451 1332 3549 do·

209 3553 295 3626 mini
323 3555 450 3651 gladio
484 3554 676 3638 interlecti,
690 3572 747 3651 ’et
782 3556 830 3628 ad
869 3554 1022 3627 nihilum
1059 3572 1144 3627 sunt
1174 3556 1324 3628 redacti.

282 3770 302 3807 1.
322 3708 393 3809 A?
387 3772 453 3825 papa
474 3754 597 3807 Honorio
672 3771 694 3806 2.
718 3754 812 3823 tantis]
835 3756 892 3818 AS,
914 3756 936 3809 E
955 3756 1059 3809 cunctis
1131 3773 1155 3820 4.
1178 3758 1198 3809 B
1217 3757 1328 3827 qnidam

212 3850 231 3898 5.
250 3834 397 3887 ASom.se
470 3834 686 3887 f.Hutl10mo
707 3836 768 3903 igne
789 3834 805 3887 l.
881 3836 904 3888 8.
920 3836 954 3897 H,
974 3836 1015 3888 Ox
1031 3835 1124 3888 sedad
1140 3853 1166 3903 p.
1238 3838 1327 3906 9.0s,

208 3913 357 3968 Rillorum
397 3914 456 3975 ns,
476 3914 566 3976 L,Ox
581 3914 662 3967 corde
679 3915 836 3983 compuncti
913 3915 1148 3979 10..45,()smmi
1203 3930 1329 3968 constan-

209 3993 284 4062 tiam]
303 3993 357 4059 As,
375 3994 399 4046 F
417 3993 531 4062 gratiam
608 3994 703 4048 10⁴-11.
723 3995 768 4047 AS
786 3994 817 4046 ln
838 3994 953 4047 mirabili
974 3996 1055 4064 episc.
1076 4012 1137 4047 ven.
1157 3995 1230 4047 dom.
1253 3996 1329 4050 Host.

213 4073 404 4125 12..ilviribus
460 4073 586 4128 RDeum
665 4074 1155 4142 13.Rcontemneretsimplicitatem
1234 4076 1332 4138 mis

210 4155 317 4205 resultat
333 4166 359 4205 et
375 4153 493 4224 dedecus
513 4154 536 4206 ei
557 4166 613 4206 emt
629 4169 662 4206 eo
711 4153 745 4206 M
755 4154 866 4206 resultat
880 4165 907 4205 et
920 4154 1002 4205 decus
1055 4155 1178 4207 decus
1256 4156 1328 4222 ¹J·!!

209 4232 299 4285 matris
376 4233 415 4286 18.
432 4233 479 4286 AS
489 4233 663 4303 requiescens
738 4235 1027 4303 20.A50m.pastoris
1102 4249 1143 4287 21.
1165 4234 1337 4289 Riclixdo·=

210 4311 296 4365 minus
309 4312 362 4364 illa
435 4327 476 4382 23.
497 4313 538 4368 Ox
557 4312 660 4367 novelli
711 4314 746 4367 Os
764 4312 939 4384 plantationis
959 4314 1046 4366 ordini
1096 4315 1142 4367 AS
1160 4333 1209 4368 om.
1228 4317 1329 4367 ordinis

210 4404 249 4460 27·
270 4393 291 4445 P
308 4392 483 4463 parvissimos
533 4394 576 4447 AS
591 4412 640 4446 om.
656 4392 758 4446 fructus
809 4395 893 4447 Rom.
911 4406 938 4445 et
