3142 4875
374 686 443 758 De
472 685 831 758 tentationibus
860 711 979 781 quas
1007 711 1176 781 passus
1205 701 1294 757 est.

320 873 392 971 [Do
420 872 683 945 tentationibus
711 873 835 942 sancti
860 882 894 943 et
920 871 1093 966 quomodo
1120 871 1357 941 tentationem

606 986 827 1084 superavit}
886 985 1065 1056 LXXXI.

361 1220 444 1291 115.
477 1198 743 1272 Crescentibus
773 1197 913 1270 meritis
941 1197 1060 1270 sancti
1089 1197 1289 1281 Francisci,
1318 1222 1398 1269 cre-

276 1307 405 1379 scebat
420 1331 571 1401 quoque
586 1303 772 1377 discordia
787 1330 872 1377 curn
887 1305 1041 1401 antiquo
1056 1320 1240 1400 serpente.
1299 1305 1397 1376 Nam
1426 1334 1443 1398 5

277 1439 352 1509 quo
382 1412 521 1485 maiora
549 1411 658 1484 huius
687 1411 921 1492 charismata,
944 1411 1136 1484 subtiliora
1156 1409 1252 1482 illius
1280 1426 1396 1484 tenta-

277 1536 412 1600 menta,
436 1535 474 1591 et
489 1517 662 1616 graviora
677 1517 816 1614 praelia
832 1520 1089 1590 movebantur.
1148 1518 1255 1590 Licet
1271 1533 1395 1590 autem

275 1625 396 1699 virum
424 1625 642 1698 bellatorem
671 1641 709 1697 et
737 1640 929 1697 strenuum
961 1649 1074 1720 saepe
1103 1625 1301 1721 probasset
1329 1649 1397 1696 nec

166 1741 169 1748 ’
277 1733 324 1804 ad
354 1733 484 1805 horam
514 1732 670 1804 cessisse
700 1731 905 1810 certamini,
933 1732 1054 1804 adbuc
1084 1747 1210 1803 tamen
1238 1731 1396 1829 aggredi

279 1839 405 1911 nititur
432 1865 582 1935 semper
610 1839 834 1911 vincentem.
893 1838 1070 1932 Quodam
1099 1839 1199 1910 enim
1227 1855 1398 1934 tempore
1431 1861 1468 1907 10
1564 1857 1565 1866 ¹

277 1945 441 2018 immissa
470 1962 527 2017 est
547 1961 676 2018 sancto
704 1945 798 2042 patri
819 1945 1040 2042 gravissima
1059 1945 1216 2017 tentatio
1235 1945 1396 2041 spiritus

278 2053 405 2148 utique
452 2053 500 2124 ad
547 2077 710 2124 coronae
756 2067 1014 2149 augmentum.
1098 2052 1400 2148 Angustiabatur

277 2160 414 2232 exinde
443 2175 481 2231 et
509 2159 722 2255 replebatur
749 2158 951 2241 doloribus
983 2158 1176 2255 affligebat
1204 2174 1243 2231 et
1276 2183 1398 2231 mace·

278 2267 384 2338 rabat
404 2292 550 2362 corpus,
573 2267 705 2339 orabat
731 2282 768 2337 et
789 2264 1051 2338 lacrimabatur
1068 2264 1260 2337 acerrime.
1319 2265 1400 2337 Plu·

277 2373 379 2445 ribus
399 2373 506 2446 annis
535 2373 657 2445 taliter
677 2371 928 2470 impugnatus
952 2372 1040 2444 dum
1070 2387 1192 2445 oraret
1222 2371 1282 2445 die
1312 2397 1399 2469 qua·
1432 2395 1468 2459 15

278 2481 365 2551 dam
395 2480 430 2551 in
451 2480 589 2553 Sancta
608 2481 728 2552 Maria
756 2481 805 2551 de
834 2478 1081 2563 Portiuncula,
1102 2505 1235 2552 vocem
1259 2479 1400 2551 audivit

222 2648 223 2651 ,
279 2587 315 2658 in
345 2587 493 2683 spiritu:
526 2587 734 2669 Francisce,
766 2586 797 2658 si
827 2587 1001 2658 habueris
1030 2586 1141 2659 fidem
1172 2602 1212 2658 ut
1239 2612 1398 2684 granum

278 2691 428 2789 sinapis,
464 2693 566 2765 dices
595 2693 710 2766 monti
748 2709 788 2764 ut
816 2709 991 2777 transeat,
1024 2710 1062 2765 et
1089 2693 1269 2765 transibit.
1328 2694 1400 2765 Re·

279 2799 430 2895 spondit
458 2815 626 2872 sanctus:
658 2799 836 2894 Domine,
866 2801 948 2896 quis
978 2816 1035 2872 est
1063 2825 1171 2872 mons
1199 2825 1311 2895 quem
1340 2827 1400 2872 ve·

279 2907 341 2979 lim
371 2905 450 3003 ipse
479 2907 704 2980 transferre?
761 2906 811 2978 Et
839 2906 971 2979 iterato
1008 2906 1166 2980 audivit:
1198 2907 1310 2979 Mons
1344 2923 1401 2979 est
1429 2927 1470 2973 20
1564 2978 1565 2985 χ

278 3014 436 3085 tentatio
462 3029 535 3086 tua.
594 3015 644 3086 Et
672 3013 751 3110 ipse
777 3012 1002 3086 illacrimans
1024 3011 1136 3085 dixit:
1159 3014 1242 3086 Fiat
1265 3012 1396 3112 [mihi]‚

279 3119 454 3202 Domine,
477 3122 573 3192 sicut
600 3119 736 3193 dixisti.
796 3116 929 3196 Statim
953 3118 1054 3192 omni
1083 3119 1290 3193 tentatione
1318 3146 1400 3217 pro·

278 3224 394 3322 pulsa,
418 3226 511 3299 liber
530 3226 689 3299 efficitur
708 3243 746 3299 et
765 3225 929 3299 totaliter
948 3226 985 3298 in
1006 3226 1143 3299 intimis
1164 3227 1361 3324 quietatur.

310 3596 510 3694 [Quomodo
529 3597 706 3707 diabolos
718 3623 847 3669 vocans
865 3623 947 3669 eum
966 3599 1008 3669 do
1027 3598 1191 3670 luxurio
1205 3600 1371 3680 tentavit,
1411 3626 1412 3630 ¹

404 3723 438 3784 tt
454 3712 622 3807 qualiter
637 3722 785 3783 sanctus
805 3712 1023 3810 superavit}
1083 3712 1277 3785 LXXXll.
1428 3728 1468 3792 25

366 3932 449 3998 116.
488 3927 528 3999 ln
567 3952 695 3999 eremo
733 3928 886 3999 lratrum
923 3928 970 3999 de
1005 3927 1177 4000 Sartiano
1214 3910 1400 4026 malignus

279 4032 349 4118 ille,
372 4034 434 4130 qui
455 4059 604 4129 semper
623 4033 850 4129 profectibus
870 4031 1012 4106 invidet
1033 4033 1191 4107 filiorum
1220 4035 1304 4145 Dei,
1327 4036 1401 4107 tale

357 4240 487 4292 ullum.
562 4255 582 4305 ς.
604 4238 638 4290 Μ
654 4257 703 4292 orn.
723 4257 832 4311 quoque
908 4256 946 4294 11.
963 4239 997 4292 M
1007 4242 1176 4295 sanctissimo
1252 4245 1401 4308 14Rexo-

282 4319 357 4370 rabat
424 4320 509 4385 15.M
520 4333 580 4371 orat
645 4334 685 4373 21.
700 4320 906 4388 mihi]Aenlm
971 4336 1012 4374 22.
1027 4321 1060 4371 tl
1070 4340 1119 4374 om.
1133 4322 1252 4374 Domine
1317 4337 1359 4392 27.
1372 4322 1401 4375 fi-

281 4395 393 4466 llorum]
415 4399 435 4452 R
454 4415 595 4451 servorum
