3142 4875
257 593 398 649 tantam
437 578 663 674 pauperibus
692 594 729 650 et
758 578 945 674 despectis
972 576 1058 649 viris
1087 577 1134 649 de
1167 576 1273 659 facili,
1309 578 1375 649 do-

258 684 367 761 mine,
400 700 440 756 ut
460 684 587 770 nostis
610 709 683 756 non
700 685 809 757 datur
823 709 1007 769 accessus
1067 684 1208 756 Orbem
1225 682 1375 779 quidem

256 792 392 862 tenetis
421 790 458 863 in
489 791 659 863 manibus
681 816 749 863 nec
770 790 930 863 minimis
959 791 1151 863 intendere
1175 815 1375 887 praegran-

257 897 358 968 dium
379 922 502 970 rerum
534 897 685 995 negotia
714 898 850 969 sinunt.
899 899 1056 994 Propter
1075 897 1186 993 quod,
1209 897 1270 981 ait,
1295 895 1376 996 [do-

257 1004 383 1101 mine]‚
407 1030 430 1076 a
458 1021 604 1077 vestrae
633 1004 842 1078 sanctitatis
870 1004 1074 1077 visceribus
1101 1005 1249 1101 postulo
1277 1005 1375 1076 hunc
1403 1025 1421 1090 5

256 1111 449 1183 dominum
479 1111 720 1184 Hostiensem
753 1110 888 1211 [nobis]
921 1138 990 1208 pro
1018 1113 1120 1208 Papa
1148 1111 1313 1194 concedi,
1336 1126 1376 1183 ut

255 1219 357 1290 salva
386 1243 534 1313 semper
562 1235 708 1291 vestrae
737 1218 1054 1314 praeeminentiae
1073 1217 1266 1315 dignitate,
1288 1242 1376 1314 pos·

257 1324 329 1397 sint
359 1325 490 1397 iratres
517 1326 565 1398 ad
594 1352 680 1397 eum
709 1341 879 1422 tempore
908 1324 1139 1399 necessitatis
1171 1349 1372 1409 recurrere,

257 1447 295 1503 et
323 1433 370 1503 ab
400 1457 447 1503 eo
475 1448 551 1504 tam
571 1431 800 1504 defensionis
820 1458 931 1529 quam
963 1431 1246 1529 gubernationis
1265 1432 1375 1504 bene·

257 1536 339 1609 licia
368 1552 572 1634 reportare.
642 1537 785 1610 Placuit
814 1540 849 1611 in
871 1540 986 1612 oculis
1006 1541 1130 1635 Papae
1150 1555 1226 1611 tam
1245 1554 1375 1611 sancta
1406 1561 1446 1606 10

255 1644 396 1739 petitio,
430 1670 593 1741 moxque
621 1671 734 1742 super
762 1645 992 1744 religionem,
1023 1646 1118 1719 sicut
1146 1645 1201 1717 vir
1220 1645 1293 1718 Dei
1313 1670 1374 1741 pe

254 1750 373 1833 tierat
397 1751 587 1826 dominum
608 1753 823 1850 Hugonem,
847 1771 935 1825 tunc
955 1753 1196 1826 Hostiensem
1218 1752 1376 1849 Episco-

255 1883 353 1953 pum,
373 1858 510 1931 statuit.
565 1859 815 1957 Amplectitur
829 1876 979 1932 sanctus
995 1859 1053 1931 ille
1070 1858 1278 1933 Cardinalis
1292 1884 1375 1955 gre·

253 1989 342 2061 gem
363 1964 432 2036 sibi
449 1966 700 2047 commissum,
720 1966 875 2062 eiusque
890 1967 1041 2039 sedulus
1057 1966 1228 2039 nutritius
1244 1966 1371 2050 lactus,

256 2087 384 2167 pastor
399 2089 437 2144 et
451 2073 622 2145 alumnus
638 2100 755 2170 usque
770 2074 819 2145 ad
835 2074 985 2146 beatum
1001 2074 1142 2145 exitum
1159 2073 1235 2145 luit.
1284 2072 1374 2168 Spe·
1404 2097 1442 2160 15

255 2178 336 2250 ciali
366 2179 587 2251 subiectioni
616 2181 879 2277 praerogativa
908 2179 1117 2252 dilectionis
1145 2197 1182 2251 et
1206 2202 1294 2251 cura
1312 2181 1374 2252 de-

254 2286 372 2368 betur,
404 2312 516 2381 quam
546 2313 694 2383 semper
723 2302 852 2359 sancta
880 2288 1052 2365 Romana
1067 2285 1236 2359 Ecclesia
1254 2285 1374 2359 Mino·

255 2417 334 2464 rum
363 2391 482 2464 ordini
512 2392 689 2467 exhibere
720 2418 793 2466 non
822 2411 955 2472 cessat.

457 2607 679 2703 Explicit
714 2608 867 2704 prima
902 2609 1165 2706 particula.

328 2888 336 2922 1
358 2872 474 2940 tautam]
489 2874 593 2927 Rtunnr
667 2889 729 2939 4-5.
744 2875 768 2926 A
784 2893 831 2926 our.
847 2875 956 2926 domine
1030 2875 1054 2928 (r.
1066 2876 1089 2926 Α
1101 2893 1148 2927 om.
1160 2875 1235 2926 nobis
1309 2889 1333 2941 7,
1345 2876 1375 2927 tt

253 2969 300 3001 oin.
321 2965 423 3004 vestrae
501 2967 539 3004 12.
560 2953 581 3005 P
601 2953 750 3023 Ugolinum
828 2954 867 3007 16.
889 2956 1013 3007 ,liturae
1089 2971 1128 3022 ¹7·
1146 2956 1176 3007 ll
1190 2973 1238 3016 om„
1256 2955 1374 3008 Ecclesia

255 3031 428 3102 ro.PExpl.
450 3034 566 3103 primum
586 3050 655 3102 opus
711 3035 815 3086 llum.
924 3032 930 3040 '
