3142 4875
243 338 316 407 302
617 339 789 388 uacuum
817 336 982 387 secunus

238 575 337 645 enim
366 572 533 669 plurimis
561 598 645 646 esse
673 570 857 645 salubrius
886 571 1005 644 ferrea
1036 571 1145 669 virga
1172 572 1357 669 confringi

237 706 349 775 quam
380 680 550 753 manibus
579 677 734 752 deliniri.
792 679 868 751 Sed
888 678 1011 751 oleum
1030 694 1069 751 et
1089 679 1227 762 vinum,
1248 678 1359 777 virga

236 805 274 859 et
303 787 466 870 baculus
490 789 590 859 zelus
618 804 657 858 et
676 784 804 882 pietas,
828 784 954 858 unctio
982 779 1020 857 et
1048 785 1154 871 usti0,
1174 810 1301 858 carcer
1319 801 1358 857 et

235 893 432 990 gremium,
451 893 577 966 omnia
592 893 899 989 tempushabent.
949 890 1132 966 Universa
1143 892 1235 965 haec
1250 892 1358 965 Deus

236 1000 417 1072 ultionum
446 1017 484 1072 et
512 1016 619 1097 pater
648 998 983 1071 misericordiarum
1011 997 1175 1095 requirit,
1218 998 1356 1073 miseri·
1388 1023 1406 1087 5

237 1107 403 1180 cordiam
431 1123 557 1180 tamen
586 1105 669 1203 plus
697 1132 810 1203 quam
839 1103 1059 1178 sacrificium
1088 1104 1228 1178 volens,

391 1540 467 1633 [De
480 1538 680 1633 fratribus
708 1540 930 1635 Hispanis}
989 1538 1184 1611 CXXXV.

323 1756 405 1845 178.
436 1754 728 1851 Nonnumquam
757 1769 883 1827 mente
911 1754 998 1827 Deo
1026 1755 1234 1827 excedebat
1263 1756 1357 1828 miro

239 1863 363 1945 mod0,
385 1860 564 1934 iubilabat
591 1860 627 1934 in
657 1860 786 1957 spiritu
815 1860 871 1933 vir
891 1861 959 1933 iste
979 1861 1244 1946 sanctissimus,
1267 1887 1356 1958 quo-

237 1967 307 2040 ties
335 1969 457 2040 bonus
485 1969 580 2040 odor
606 1969 654 2041 ad
683 1969 804 2066 ipsum
842 1967 1152 2066 progrediebatur
1185 1970 1232 2041 de
1261 1968 1353 2041 filiis.
1392 1998 1431 2044 ro

238 2075 408 2172 Contigit
423 2076 623 2171 quemdam
640 2075 859 2170 Hispanum,
874 2075 960 2147 Deo
975 2076 1152 2147 devotum
1168 2074 1352 2160 clericum,

238 2181 377 2278 perfrui
400 2181 602 2277 aliquando
620 2181 763 2254 visione
792 2198 830 2254 et
858 2180 1079 2254 allocutione
1099 2182 1217 2254 sancti
1243 2184 1356 2255 Fran·

239 2289 337 2360 cisci.
397 2288 471 2382 Qui
502 2287 596 2360 inter
625 2288 696 2361 alia
724 2289 771 2361 de
803 2288 986 2372 fratribus,
1017 2288 1079 2385 qui
1108 2288 1144 2361 in
1174 2289 1356 2385 Hispania

183 2476 188 2485 ,
237 2410 354 2479 eraut,
375 2393 438 2468 tali
453 2410 623 2469 sanctum
652 2393 864 2469 laetificavit
884 2397 1019 2469 relatu:
1043 2397 1202 2479 Fratres,
1226 2396 1353 2493 inquit,

237 2502 300 2584 tui,
334 2501 498 2575 in‘terra
527 2519 653 2575 nostra
681 2499 909 2599 pauperculo
942 2505 1105 2598 quodam
1143 2503 1357 2576 eremitorio
1390 2532 1429 2598 15

237 2618 521 2693 commorantes,
555 2608 604 2681 ita
637 2608 784 2682 vivendi
814 2610 966 2681 modum
1001 2608 1069 2681 sibi
1097 2609 1352 2708 statuer[a]nt,

238 2733 277 2787 ut
298 2715 420 2789 media
439 2741 525 2812 pars
545 2715 760 2788 domesticis
779 2714 877 2788 curis
897 2716 1115 2797 intenderet,
1130 2717 1254 2788 media
1269 2742 1358 2788 con-

237 2822 468 2919 templationi
484 2839 644 2896 vacaret.
703 2822 786 2895 Hoc
808 2824 920 2895 modo
940 2823 1105 2918 qualibet
1120 2824 1357 2896 hebdomada

237 2927 274 3000 in
304 2930 630 3024 contemplativam
659 2929 781 3002 activa
810 2929 999 3013 transibat,
1035 2947 1074 3002 et
1106 2930 1357 3027 contemplan-

238 3036 329 3106 tium
359 3036 464 3131 quies
491 3036 539 3110 ad
573 3037 741 3109 laborum
779 3036 958 3110 exercitia
993 3037 1216 3109 recurrebat.
1284 3037 1357 3109 Die
1387 3064 1432 3111 20

238 3142 399 3238 quadam
429 3144 551 3240 posita
581 3168 720 3228 mensa,
741 3143 928 3240 signoque
956 3142 1096 3216 vocatis
1126 3144 1353 3225 absentibus

238 3275 370 3322 omnes
390 3267 539 3345 praeter
558 3276 671 3321 unum
693 3249 928 3334 conveniunt,
952 3251 1013 3346 qui
1034 3251 1082 3322 de
1105 3251 1357 3347 contemplan-

239 3357 339 3428 tibus
368 3373 457 3429 erat.
516 3358 604 3429 Post
631 3356 953 3452 exspectationem
990 3357 1255 3452 aliquantulam
1285 3357 1357 3428 itur

240 3465 289 3536 ad
317 3464 459 3545 cellam,
491 3480 532 3534 ut
566 3464 613 3536 ad
644 3488 810 3536 mensam
839 3480 1004 3545 vocetur,
1036 3489 1120 3534 cum
1150 3464 1358 3560 profusiore

240 3569 300 3642 ille
330 3595 459 3642 mensa
488 3570 722 3642 reficiebatur
749 3595 770 3643 a
799 3569 976 3642 Domino.
1034 3569 1226 3666 Siquidem
1255 3571 1357 3643 humi
1386 3597 1428 3663 25

239 3693 447 3773 prostratus
476 3678 510 3748 in
542 3677 684 3760 faciem,
708 3678 744 3749 in
766 3678 918 3749 modum
949 3676 1066 3749 crucis
1095 3677 1277 3772 reperitur
1296 3704 1357 3749 ex·

238 3800 376 3866 tensus,
401 3809 469 3855 nec
497 3783 662 3856 anhelitu
693 3809 761 3855 nec
791 3801 894 3857 motu
923 3786 1024 3879 quod
1052 3784 1157 3855 vivus
1178 3802 1277 3856 esset
1296 3809 1359 3881 ap·

237 3915 385 3986 parens,
455 3890 629 3963 Ardebat
664 3891 711 3962 ad
749 3908 861 3987 caput
889 3891 969 3963 eius
1002 3906 1040 3963 et
1077 3891 1193 3986 pedes
1229 3891 1357 3964 binum

238 3996 513 4079 candelabrum,
536 4022 632 4092 quae
654 3996 761 4069 rutilo
783 3997 929 4096 fulgore
953 3995 1110 4096 [cellam]
1133 3996 1227 4070 miro
1246 3999 1359 4070 modo

237 4103 454 4175 lustrabant.
513 4104 723 4176 Dimittitur
743 4105 779 4176 in
799 4130 910 4202 pace„
923 4130 969 4176 ne
989 4104 1135 4176 molesti
1156 4119 1281 4177 essent
1295 4129 1359 4176 uu·
1390 4131 1433 4196 30

277 4387 295 4440 H
315 4326 335 4363 1.
356 4312 386 4363 ,tl
404 4314 549 4383 constringi
628 4330 666 4368 12.
685 4317 714 4366 ,ll
732 4315 804 4367 beati
880 4313 918 4369 16.
939 4317 962 4369 Α
983 4326 1131 4367 statuerunt
1204 4329 1246 4384 29·
1266 4314 1290 4366 Α
1311 4332 1359 4366 om.

244 4405 273 4440 cc
298 4406 341 4441 am
