3142 4875
609 363 713 412 nunu
742 363 928 416 rnnucrscr
1236 365 1326 437 ·3o3

209 594 332 677 ctioni‚
357 620 403 667 ne
422 596 681 694 suscit[ar]ent
700 595 923 695 dilect[a]m,
942 623 1136 695 quousque
1157 599 1237 696 ipsa
1256 602 1329 674 vel-

207 700 268 774 let.
327 701 523 774 Rimantur
551 699 708 799 proinde
737 704 870 775 iratres
898 729 967 800 per
989 705 1103 777 cellae
1133 707 1325 793 foramina,

208 824 350 880 stantes
378 825 463 905 post
491 808 671 905 parietem
699 825 736 881 et
765 809 1006 906 respicientes
1035 837 1104 908 per
1131 814 1326 887 cancellos.

209 914 311 1008 Quid
348 914 475 1011 plura?
557 915 659 987 Dum
699 941 782 988 earn
820 943 918 1013 quae
955 917 1098 990 habitat
1133 918 1168 991 in
1212 920 1329 994 hortis

162 1048 180 1114 5
208 1020 459 1096 auscultarent
487 1021 606 1106 amici,
638 1022 771 1105 subito,
804 1022 942 1096 lumine
976 1024 1200 1122 disparente,
1234 1029 1330 1100 redit

208 1127 320 1201 irater
348 1127 384 1200 in
414 1128 614 1202 hominem.
672 1129 803 1227 Surgit
830 1131 1010 1226 protinus
1033 1147 1071 1204 et
1092 1134 1138 1204 ad
1160 1159 1328 1207 mensam

208 1233 363 1306 veniens
391 1235 537 1332 culpam
566 1235 655 1308 dicit
684 1237 731 1308 de
761 1262 876 1310 mora.
934 1237 1006 1322 Sic,
1029 1238 1148 1335 inquit
1176 1238 1236 1314 ille
1265 1242 1328 1313 Ηί-

209 1367 357 1438 spanus,
381 1342 414 1413 in
437 1361 536 1416 terra
556 1358 683 1415 nostra
702 1344 837 1416 evenit.
896 1345 981 1418 Non
1011 1370 1052 1418 se
1071 1361 1219 1442 poterat
1238 1373 1327 1444 prae

209 1448 347 1544 gaudio
377 1474 512 1545 capere
545 1466 696 1522 sanctus
726 1451 946 1525 Franciscus
974 1451 1036 1524 tali
1066 1478 1259 1551 respersus
1291 1455 1328 1528 fi-

141 1576 181 1624 10
209 1556 340 1627 iiorum
369 1555 496 1628 odore.
554 1556 686 1628 Subito
715 1558 876 1630 surrexit
904 1558 941 1631 in
970 1557 1129 1644 laudem,
1157 1576 1195 1632 et
1223 1563 1328 1658 quasi

209 1661 302 1734 haec
330 1660 409 1734 sola
437 1661 506 1734 sibi
535 1661 655 1760 gioria
675 1663 779 1747 soret,
799 1663 927 1737 audire
947 1666 1046 1738 bona
1065 1667 1113 1738 de
1143 1668 1325 1752 fratribus,

209 1767 328 1865 plenis
347 1769 529 1841 eructavit
547 1769 770 1842 visceribus:
793 1771 944 1844 Gratias
963 1772 1029 1845 tibi
1044 1799 1129 1871 ag0,
1151 1774 1326 1858 Domine,

209 1901 415 1971 pauperum
436 1876 686 1949 sanctificator
702 1892 741 1949 et
760 1894 893 1961 rector,
917 1878 979 1974 qui
999 1905 1059 1952 me
1080 1880 1127 1951 de
1156 1881 1329 1954 fratribus

209 1982 301 2054 meis
329 1983 391 2054 tali
420 1982 626 2055 laetificasti
661 1983 801 2055 auditu.
864 1985 1039 2067 Benedic,
1072 2012 1215 2082 precor,
1248 1987 1329 2060 iilos

143 2109 178 2173 15
210 2089 341 2161 iratres
370 2090 629 2162 benedictione
658 2090 878 2187 largissima,
907 2107 944 2164 et
973 2116 1104 2164 omnes
1134 2094 1196 2188 qui
1230 2093 1324 2193 [per]

208 2195 307 2267 bona
334 2198 509 2291 exempla
547 2196 718 2269 redolere
754 2197 894 2270 faciunt
922 2199 1191 2294 professionem
1222 2226 1327 2273 suam

209 2301 310 2374 dono
339 2301 489 2399 speciali
520 2303 719 2376 sanctifica.

635 2489 903 2501 *—

236 2642 393 2740 [Contru
420 2643 516 2715 male
545 2642 586 2713 in
614 2641 839 2715 eremitoriis
856 2651 1126 2724 commorantes,
1147 2652 1181 2714 et
1207 2645 1306 2738 quod

301 2758 438 2830 volebat
464 2758 590 2830 omnia
618 2783 690 2829 esse
716 2756 955 2855 communia}
1016 2756 1229 2830 CXXXVI.

138 2997 180 3043 20
296 2991 378 3063 179.
421 2969 527 3043 Licet
566 2970 650 3042 hinc
688 2968 806 3042 sancti
844 2969 1063 3043 charitatem
1102 2969 1325 3055 noverimus

209 3104 304 3175 quae
334 3078 574 3175 congaudere
603 3079 706 3148 iubet
734 3076 969 3149 successibus
997 3076 1227 3160 dilectorum,
1247 3077 1328 3151 illos

210 3202 333 3258 tamen
364 3185 426 3281 qui
456 3184 492 3256 in
522 3182 742 3256 eremitoriis
762 3181 989 3255 dissimiliter
1011 3183 1139 3256 vivunt
1169 3210 1241 3257 uon
1266 3211 1328 3280 pa·
1415 3220 1421 3227 ·

209 3318 290 3364 rum
319 3290 504 3364 credimus
533 3291 766 3388 redargutos,
826 3289 934 3363 Multi
964 3290 1063 3362 enim
1092 3293 1213 3363 iocum
1244 3317 1328 3364 con-

208 3398 460 3496 templationis
489 3412 712 3469 convertunt
740 3397 776 3469 in
807 3397 933 3480 otium,
958 3414 995 3468 et
1024 3398 1254 3471 eremiticum
1284 3398 1329 3471 ri-

139 3531 178 3598 25
209 3524 298 3591 tum,
321 3505 383 3602 qui
412 3504 608 3576 animabus
632 3502 868 3600 perficiendis
898 3503 1069 3577 inventus
1098 3523 1165 3588 est,
1189 3505 1224 3576 in
1248 3531 1327 3578 sen-

208 3613 323 3684 tinam
340 3612 566 3685 transierunt
581 3611 792 3708 voluptatis.
849 3610 953 3683 Talis
969 3611 1100 3682 horum
1117 3628 1327 3707 temporum

209 3717 432 3791 anachoritis
462 3716 676 3790 constitutio
705 3733 771 3800 est,
790 3718 916 3790 vivere
936 3743 1240 3813 unumquemque
1260 3744 1328 3815 pro

210 3826 323 3898 libitu.
382 3826 467 3898 Non
496 3849 564 3922 pro
593 3824 766 3897 omnibus
797 3826 914 3907 istud;
954 3824 1091 3896 scimus
1119 3825 1218 3896 enim
1247 3851 1327 3897 san-

210 3949 289 4005 ctos
317 3932 353 4004 in
384 3956 493 4003 carne
513 3933 682 4004 viventes
711 3929 862 4027 optimis
891 3932 927 4003 in
956 3956 1083 4003 eremo
1113 3932 1259 4030 iegibus
1278 3933 1328 4004 vi-

140 4066 181 4132 30
208 4064 306 4111 vere.
364 4036 510 4111 Scimus
539 4056 577 4111 et
596 4064 662 4111 eos
682 4038 743 4134 qui
763 4053 1050 4135 praecesserunt
1070 4056 1195 4135 patres
1218 4039 1327 4111 flores

283 4248 485 4302 1.Asuscitent
497 4249 627 4301 dilectum
705 4265 760 4303 1-2.
777 4251 808 4302 ir
819 4249 884 4302 velit
956 4248 1174 4315 inhabitabat
1249 4252 1326 4320 15.A

131 4346 133 4349 ’
209 4346 257 4381 οηι.
285 4346 333 4399 per
444 4345 486 4396 25.
515 4330 561 4400 qui
581 4358 599 4369 -
619 4329 670 4397 est]
702 4328 735 4380 M
761 4331 794 4382 ad
823 4332 975 4383 animarum
1005 4328 1156 4400 profectum
1185 4331 1327 4383 inventum

210 4408 275 4479 26-3
297 4409 366 4480 (pag.
382 4410 453 4481 304).
473 4413 501 4464 M
521 4429 569 4464 om.
590 4409 693 4462 Talis·
706 4423 813 4464 aeterna
