3142 4875
249 313 325 403 380
553 335 760 384 iuncturus
791 336 836 384 un
862 335 1058 392 tirunculis

351 446 445 450 ---—·-v
486 444 618 451 —v—-w
699 446 1035 454 0---—-.—.--——
1235 448 1369 455 ——,

245 570 353 640 huius
383 568 563 640 honorem
594 567 734 640 mentio
764 567 862 640 lacta
889 584 956 651 est,
989 593 1103 640 unum
1137 593 1277 665 ponere
1307 570 1369 642 hic

245 674 462 746 miraculum
491 674 581 746 satis
610 673 777 746 mirabile
806 674 964 771 dignum
994 675 1096 746 duxi.
1432 685 1438 692 '

325 787 386 852 60.
419 781 514 853 Cum
545 781 620 853 duo
656 782 704 853 de
738 779 948 852 Minoribus
986 781 1169 862 iratribus,
1202 783 1367 878 quodam

243 905 413 982 tempore
451 913 519 983 pro
553 887 768 959 fabricanda
806 885 964 960 ecclesia
1002 887 1038 959 in
1077 889 1220 960 bonore
1248 890 1366 961 sancti

244 995 359 1090 patris
374 993 560 1066 Francisci
578 994 614 1066 in
630 1010 753 1066 castro
769 993 1015 1090 Praescriptii,
1031 994 1216 1068 dioecesis
1231 995 1367 1090 Sipon-
1402 1025 1420 1087 5

244 1101 354 1184 tinae,
387 1101 644 1196 fatigationem
669 1126 743 1172 non
766 1101 951 1173 modicam
972 1101 1271 1196 assumpsissent,
1298 1126 1365 1173 nec

244 1223 487 1303 suppeterent
517 1208 727 1280 necessaria
756 1232 824 1304 pro
851 1206 1023 1279 aedificio
1052 1207 1233 1289 laciend0,
1257 1225 1367 1279 nocte

244 1313 406 1409 quadam
445 1340 528 1385 cum
566 1315 612 1385 ad
654 1314 866 1386 reddendas
903 1313 1033 1386 laudes
1062 1313 1311 1387 surrexissent
1344 1340 1366 1387 a

244 1445 387 1502 somno,
410 1419 624 1493 cadentium
649 1418 813 1517 lapidum
834 1445 968 1492 sonum
988 1438 1101 1516 atque
1122 1420 1365 1493 collusionem

243 1526 372 1598 audire
403 1543 619 1622 coeperunt.
676 1526 725 1597 Et
753 1552 836 1598 cum
867 1552 907 1599 se
926 1526 974 1599 ad
995 1527 1155 1599 invicem
1176 1527 1366 1599 hortaren·
1402 1557 1444 1602 10

244 1651 304 1704 tur
332 1650 371 1704 ut
390 1633 616 1705 accederent
643 1633 691 1705 ad
714 1631 924 1713 videndum,
948 1650 1131 1706 exeuntes
1154 1634 1261 1716 foras
1285 1659 1366 1706 cer-

245 1756 336 1812 nunt
353 1741 542 1811 hominum
564 1739 764 1811 maximam
783 1757 941 1811 turmam
960 1740 1021 1835 qui
1038 1740 1207 1812 certatim
1223 1740 1366 1836 lapides

244 1847 538 1943 congregabant.
599 1847 865 1918 lbant'omnes
903 1871 987 1918 cum
1016 1847 1164 1920 silentio
1201 1863 1239 1919 et
1273 1845 1365 1918 redi·

244 1954 343 2030 bant.
368 1951 527 2024 universi
557 1953 651 2025 albis
670 1954 837 2024 vestibus
866 1953 1066 2032 candidati,
1124 1953 1367 2025 Coadunato·

244 2086 324 2131 rum
358 2060 523 2153 lapidum
561 2059 699 2156 magna
737 2058 935 2156 congeries
971 2059 1136 2132 ostendit
1173 2084 1250 2131 rem
1290 2084 1366 2132 non
1404 2089 1444 2153 15

246 2166 357 2238 fuisse
386 2166 670 2262 phantasticam,
703 2191 788 2237 cum
823 2191 941 2261 usque
970 2166 1017 2237 ad
1048 2165 1364 2261 complementum

244 2274 368 2368 operis
397 2272 696 2344 indefectibiliter
723 2265 1003 2350 successissent.
1052 2273 1150 2345 Nam
1179 2290 1216 2344 et
1245 2273 1366 2345 homi·

245 2405 331 2452 num
363 2380 397 2451 in
429 2403 540 2452 carne
570 2379 771 2451 viventium
794 2379 1018 2476 patrantium
1039 2378 1127 2453 talia
1155 2379 1277 2452 omnis
1298 2380 1365 2452 fuit

243 2486 368 2558 ablata
403 2488 575 2582 suspici0,
615 2512 698 2558 cum
738 2487 903 2583 undique
942 2485 1143 2583 diligenter
1178 2489 1362 2583 quaesit0,

244 2591 364 2665 nullus
395 2594 565 2665 inventus
594 2593 704 2664 fuerit
732 2593 794 2689 qui
825 2591 911 2665 talia
941 2593 1156 2690 cogitasset.
1397 2622 1440 2668 20

326 2705 387 2769 61.
420 2700 534 2771 Filius
563 2699 753 2772 cuiusdam
777 2698 919 2781 nobilis,
944 2701 979 2771 in
1002 2717 1124 2771 castro
1144 2699 1269 2771 Sancti
1291 2700 1365 2773 Ge·

245 2805 406 2887 miniani,
451 2807 575 2878 valido
618 2806 800 2903 languore
842 2807 1026 2889 detentus
1068 2808 1168 2878 omni
1211 2806 1365 2878 ulterius

244 2914 442 3007 desperata
471 2913 599 2995 salute,
623 2915 670 2984 ad
699 2929 909 2984 extremum
932 2938 1048 3008 usque
1069 2913 1270 3008 perductus
1294 2930 1361 2986 est.

244 3019 361 3091 Rivus
390 3020 583 3117 sanguinis
611 3021 659 3091 ab
689 3019 806 3092 oculis
834 3020 1044 3102 emanabat,
1067 3019 1162 3091 sicut
1190 3045 1239 3091 ex
1270 3045 1364 3092 vena

244 3126 383 3198 brachii
427 3128 565 3199 assolet
609 3126 775 3199 ebullire.
843 3125 1089 3221 Caeterisque
1131 3125 1364 3222 propinquae
1394 3156 1435 3219 ²5

245 3232 373 3304 mortis
392 3232 490 3305 veris
519 3232 662 3305 indiciis
682 3232 717 3304 in
739 3231 882 3328 reliquo
907 3257 1063 3328 corpore
1083 3233 1361 3328 apparentibus,

243 3339 344 3411 visus
364 3360 420 3412 est
440 3340 656 3437 emigrasse.
707 3338 962 3435 Congregatis
981 3364 1029 3410 ex
1054 3364 1158 3412 more
1186 3341 1233 3413 ad
1264 3339 1364 3435 plan·

243 3463 343 3518 ctum
375 3446 589 3542 parentibus
618 3462 655 3517 et
683 3444 822 3523 amicis,
846 3445 1018 3517 ordinato
1048 3447 1188 3529 funere,
1208 3447 1255 3518 de
1285 3448 1364 3519 sola

242 3552 366 3649 agitur
403 3552 602 3649 sepultura.
667 3553 813 3624 interea
852 3569 968 3646 pater,
1009 3551 1216 3650 lugentium
1255 3554 1364 3625 turba

242 3659 501 3738 circumdatus,
534 3658 726 3731 cuiusdam
757 3657 857 3754 prius
886 3658 1036 3731 auditae
1060 3660 1278 3733 recordatus
1306 3677 1365 3731 est
1393 3687 1435 3750 30

243 3765 405 3842 visionis,
462 3767 509 3837 Et
530 3792 681 3837 currens
703 3764 819 3837 veloci
840 3791 972 3862 gressu
988 3766 1037 3838 ad
1056 3767 1253 3838 ecclesiam
1269 3765 1364 3838 San·

241 3872 289 3944 cti
312 3872 507 3955 Francisci,
530 3874 684 3969 quaein
712 3874 846 3944 eodem
877 3889 999 3944 castro
1029 3889 1242 3971 constructa
1271 3890 1361 3957 erat,

241 3980 393 4077 cingulo
422 4005 604 4075 suspenso
637 3980 684 4053 ad
723 3995 863 4076 guttur,
895 4005 979 4051 cum
1017 3980 1116 4052 omni
1154 3977 1362 4052 humilitate

241 4112 365 4159 coram
395 4087 500 4158 altari
534 4113 574 4158 se
608 4084 808 4182 prostravit
837 4086 873 4157 in
903 4105 1050 4158 terram.
1109 4086 1246 4182 Sicque
1275 4102 1364 4157 vota

241 4219 380 4265 vovens
399 4212 435 4265 et
458 4193 703 4288 multiplicans
731 4218 871 4287 preces,
903 4191 1069 4289 suspiriis
1097 4212 1135 4266 et
1162 4191 1364 4291 gemitibus
1394 4219 1410 4284 3
1419 4223 1432 4284 5

243 4301 375 4372 meruit
404 4301 504 4395 apud
534 4300 723 4372 Christum
754 4320 923 4372 sanctum
954 4300 1193 4372 Franciscum
1224 4299 1364 4372 habere

244 4424 450 4499 patronum.
510 4408 698 4479 Reversus
719 4409 844 4479 statim
866 4425 971 4502 pater
998 4406 1045 4478 ad
1072 4406 1185 4478 lilium
1213 4424 1251 4477 et
1269 4404 1364 4477 sani-
