3142 4875
616 373 894 423 PROLEGOMENA
1251 374 1317 423 XIII

1178 476 1315 484 —-—..

264 594 401 661 Cautius
425 613 456 661 et
481 597 589 663 sanius
612 594 789 683 loquuntur
809 595 1014 678 Celanenses,
1042 597 1096 684 qui
1123 595 1318 664 documenta

140 757 155 784 ,
195 699 334 767 conficta
368 724 436 768 non
468 702 720 783 invocan13sed
743 703 849 769 solum
873 700 1013 769 referunt
1036 704 1068 769 in
1092 725 1205 769 eorum
1238 721 1317 769 terra

194 831 316 895 vagam
341 808 450 876 haberi
472 810 691 889 traditionem,
713 811 802 876 iuxta
824 832 922 891 quam
946 810 1095 876 Thomas
1122 829 1231 877 noster
1257 817 1317 876 oti·

193 915 306 1004 ginem
332 917 461 983 traxerit
484 941 502 984 e
525 916 665 1005 quadam
689 915 810 983 familia
833 917 971 984 Barbarae
994 918 1098 985 adhuc
1122 919 1317 985 exstante.(¹l

263 1023 306 1090 ll.
328 1024 452 1090 Decius
470 1025 603 1111 ingressu
619 1026 650 1091 in
668 1021 815 1092 Ordinem
830 1024 987 1091 Minorem
1002 1038 1028 1091 et
1039 1026 1135 1111 gestis.
1151 1064 1195 1074 -
1212 1023 1318 1103 Quid·

192 1129 272 1217 quid
288 1132 329 1196 sit
343 1129 382 1197 de
400 1131 500 1218 patria
515 1149 546 1197 et
562 1131 658 1218 stirpe
675 1129 713 1198 fr.
727 1130 890 1210 Thomae,
907 1131 1123 1198 communiter
1141 1131 1318 1198 admittitur

192 1260 271 1302 eum
297 1234 417 1304 Ordini
441 1237 609 1303 hlinorum
631 1236 728 1304 fuisse
753 1258 964 1326 aggregatum
990 1238 1070 1303 circa
1094 1260 1216 1304 annum
1234 1258 1318 1324 1214

192 1342 243 1410 vel
270 1365 366 1430 1215,
385 1362 459 1433 post
480 1343 620 1412 reditum
640 1345 672 1411 S.
690 1345 849 1411 Francisci
866 1343 905 1411 ab
923 1343 1088 1432 Hispania.
1136 1345 1186 1411 De
1209 1344 1317 1431 seipso

190 1453 283 1518 enim
306 1450 448 1539 loquitur
472 1474 546 1518 cum
571 1451 746 1518 exclamat:
775 1449 867 1518 «Sed
892 1450 997 1517 bonus
1017 1451 1106 1518 Deus
1130 1452 1180 1529 cui
1202 1451 1266 1517 mei
1286 1469 1317 1517 et

190 1557 370 1625 multorum
395 1556 464 1625 sola
488 1557 629 1625 bonitate
652 1557 769 1647 placuit
792 1557 961 1625 recordari.
1010 1558 1096 1625 Cum
1120 1560 1183 1625 iam
1208 1559 1317 1625 ivisset

188 1662 245 1752 (B.
267 1664 473 1753 Franciscus)
499 1687 599 1753 usque
621 1666 654 1732 in
680 1665 882 1753 Hispaniam,
903 1665 934 1731 in
954 1662 1068 1731 faciem
1092 1666 1121 1731 ei
1143 1664 1269 1746 restitit,
1284 1684 1316 1731 et

188 1771 329 1839 neultra
345 1772 542 1860 procederet,
556 1771 752 1861 aegritudine
766 1772 932 1854 intentata,
945 1795 1021 1840 eunt
1038 1794 1056 1838 a
1072 1792 1187 1861 coepto
1204 1772 1315 1839 itinere

186 1881 367 1946 revocavit.
404 1880 598 1949 Revertente
611 1902 740 1968 quoque
754 1882 822 1969 ipso
831 1877 869 1945 ad
879 1879 1044 1947 ecclesiam
1052 1879 1188 1946 Sanctae
1196 1878 1315 1945 Mariae

187 1984 229 2052 de
248 1985 469 2065 Portiuncula,
485 2005 630 2074 tempore
649 2008 715 2052 non
737 1986 839 2053 multo
859 2005 941 2073 post,
956 1984 1087 2073 quidam
1106 1984 1230 2051 litterati
1256 1984 1314 2049 viri

187 2162 288 2198 aureae
303 2144 501 2210 Castelleonei)
515 2159 541 2198 et
554 2145 704 2199 Palmerios
723 2145 859 2216 litigantes
879 2145 969 2217 sylvas
988 2145 1101 2215 gallicas
1117 2145 1163 2214 (ol.
1176 2144 1313 2213 gallicias)

185 2234 259 2287 bona
278 2232 397 2286 feudalia
417 2234 617 2305 praedictarum
636 2233 808 2298 familiarum,
821 2252 882 2287 cum
903 2235 1086 2287 conventione
1106 2247 1131 2286 et
1151 2246 1230 2304 pacto
1251 2248 1313 2286 con-

185 2322 295 2375 ciliatos
316 2335 345 2375 ut
364 2323 464 2393 singuli
484 2324 621 2395 praedicta
643 2324 714 2377 bona
733 2322 863 2376 Ecclesiis
882 2325 1055 2377 donarent...
1074 2323 1197 2376 Valesius
1208 2320 1313 2375 Castel-

186 2410 288 2465 leonas
308 2412 446 2481 (donavit)
465 2411 604 2469 Ecclesiae
624 2411 739 2468 Sanctae
759 2413 980 2467 denuntiationis
995 2425 1100 2467 erectae
1120 2414 1147 2465 in
1167 2428 1213 2465 sua
1238 2422 1312 2483 parte

186 2500 300 2565 feudali,
319 2513 347 2554 et
366 2502 393 2555 in
412 2501 544 2556 hocloco
564 2504 658 2556 beatus
676 2502 837 2557 franciscus
861 2502 983 2555 fundavit
1007 2502 1097 2556 locum
1117 2518 1166 2573 pro
1186 2502 1241 2555 suis
1259 2499 1312 2553 fra-

184 2592 279 2644 tribus.
317 2590 474 2644 Praedictus
492 2591 617 2644 Valesius
637 2591 829 2646 Castelleonns
847 2604 923 2645 tanto
943 2608 1037 2644 amore
1058 2608 1189 2645 accensus
1208 2602 1264 2643 erat
1283 2589 1310 2642 in

187 2678 218 2732 B.
240 2677 414 2732 franciscum
434 2679 480 2748 (ul.
499 2681 526 2732 in
546 2680 623 2733 Patre
643 2679 802 2745 francisco)
822 2693 926 2734 utnon
945 2680 1034 2734 solum
1054 2680 1147 2733 locum
1170 2680 1243 2731 hunc
1261 2670 1308 2731 s'ed

184 2768 269 2821 etiam
296 2769 435 2837 proprium
461 2768 547 2821 filium
575 2770 694 2833 donavit,
720 2784 903 2840 nuncupatum
930 2768 1092 2839 Pompeum,
1111 2771 1156 2839 qui
1182 2780 1307 2836 suscepto

184 2856 279 2910 habitu
299 2856 438 2925 religionis
457 2858 493 2910 ita
512 2858 566 2912 vita
586 2872 612 2912 et
631 2859 753 2912 doctrina
779 2859 924 2929 splenduit,
942 2858 1014 2929 quod
1035 2857 1165 2910 Summus
1185 2854 1307 2908 Pontifex

185 2948 328 3002 Romanus
347 2949 485 3001 mandavit
499 2948 587 3003 facere
601 2950 775 3020 Sequentiam
792 2968 840 3021 pro
857 2952 1012 3005 mortuis...
1050 2951 1205 3003 Praedictus
1222 2949 1306 3002 l‘om·

183 3052 261 3107 peus,
281 3041 308 3089 in
331 3035 406 3091 fonte
430 3039 584 3109 baptismali
603 3042 640 3093 sic
658 3053 781 3104 vocatus,
801 3043 827 3093 in
853 3040 982 3110 religione
1002 3040 1126 3092 Thomas
1146 3040 1180 3092 de
1200 3037 1306 3091 Celano

184 3126 230 3191 (ul.
252 3125 436 3197 Cellano)sic
456 3128 602 3199 antiquitus
630 3128 717 3183 dictus
737 3128 868 3192 Cellinus,
889 3131 989 3199 inquo
1011 3129 1072 3181 loco
1100 3128 1219 3181 habitunt
1245 3126 1304 3179 reli·

183 3214 276 3285 gionis
302 3216 459 3286 suscepit...
498 3217 573 3270 Haec
596 3219 689 3288 accepi
716 3230 741 3270 et
764 3219 897 3288 assumpsi
924 3220 956 3270 ab
981 3217 1097 3287 antiquis
1122 3216 1256 3286 scripturis
1279 3228 1304 3268 et

183 3304 330 3374 praecipue
349 3323 381 3357 ex
401 3306 519 3375 quodam
537 3305 718 3360 Instrumento
734 3307 802 3360 inito
818 3325 833 3360 a
847 3308 926 3360 Patre
942 3306 1086 3359 Francisco
1102 3323 1165 3358 cum
1182 3306 1304 3359 Domino

184 3392 296 3446 Valesio
317 3393 520 3464 Castelleoneo,
539 3396 610 3466 quod
629 3398 785 3450 servabatur
804 3397 873 3467 apud
890 3397 1048 3465 Magistrum
1065 3395 1172 3448 Petrum
1191 3392 1303 3447 Paulum

184 3480 310 3534 Taurum
331 3483 363 3535 ab
382 3482 480 3550 Insula,
492 3484 538 3537 sed
559 3485 643 3538 modo
662 3502 717 3537 non
737 3486 881 3549 invenitur,
894 3502 946 3554 ego
961 3485 1126 3555 praedictam
1142 3484 1304 3552 scripturam

182 3571 247 3635 vidi,
266 3570 321 3642 legi
341 3584 367 3625 et
386 3574 534 3626 memoriae
555 3574 680 3627 mandavi
699 3587 728 3628 ut
745 3591 907 3646 supra...».
945 3576 1038 3637 Porro,
1057 3586 1087 3626 ut
1105 3572 1172 3626 infra
1192 3573 1304 3636 dicetur,

183 3676 239 3713 non
251 3659 352 3714 Cellini
363 3658 485 3714 Thomas
497 3660 620 3714 habitum
633 3663 759 3732 suscepit,
770 3664 817 3715 sed
832 3665 902 3734 apud
916 3662 1060 3716 ecclesiam
1074 3660 1190 3714 Sanctae
1202 3660 1305 3713 Mariae

183 3749 217 3802 de
236 3749 419 3814 Portiuncula,
435 3765 463 3805 ut
483 3753 539 3822 ipse
557 3763 678 3818 testatur,
699 3764 724 3805 et
744 3753 810 3806 illud
830 3770 883 3807 non
904 3753 994 3806 evenit
1013 3767 1305 3816 ann01222,cumeo

182 3848 307 3909 tempore
327 3852 433 3893 constet
451 3858 514 3894 eum
534 3839 615 3895 fuisse
636 3842 786 3895 Custodem
807 3846 834 3895 in
848 3843 1010 3896 Theutonia.
1048 3839 1204 3894 istiusmodi
1224 3840 1304 3891 docn-

183 3929 267 3982 menti
296 3928 415 3999 primum
442 3930 629 4001 apographum
657 3932 788 4003 scriptum
815 3931 865 3985 fuit
889 3933 932 3985 die
957 3947 990 3986 ao
1011 3931 1166 3985 novembris
1192 3931 1257 3999 1598
1278 3941 1304 3981 et

181 4018 333 4071 secundum
353 4017 445 4071 iisdem
470 4021 652 4090 temporibus3
671 4038 734 4075 nam
754 4022 776 4075 si
796 4022 823 4074 in
843 4021 932 4092 primo
951 4023 1049 4074 citatur
1068 4037 1137 4090 opus
1156 4018 1302 4087 Rodulphii

182 4103 414 4171 Tossinianensis,
426 4123 498 4160 anno
514 4106 580 4174 1586
593 4109 704 4173 editum,
718 4110 877 4164 insecundo
893 4110 988 4163 citatur
995 4109 1071 4163 Liber
1079 4108 1303 4179 Corasormitotum,

181 4193 252 4247 iuxta
273 4195 422 4248 editionem
443 4212 512 4265 quae
532 4196 673 4251 Bononiae
693 4199 792 4269 prodiit
811 4215 882 4252 anno
900 4214 974 4268 1590.

251 4284 295 4349 (ι)
315 4282 452 4347 Brittanni,
471 4294 511 4355 op.
527 4287 578 4350 cit,
596 4303 622 4357 p.
640 4299 669 4354 5:
688 4305 703 4335 u
718 4285 778 4339 Una
803 4304 870 4357 vaga
889 4288 1034 4341 tradizione
1060 4287 1087 4339 in
1108 4286 1216 4340 Celano
1242 4284 1302 4336 dice

180 4370 231 4425 che
252 4371 407 4425 Tornrnaso
425 4372 502 4426 abbia
521 4388 602 4428 avuto
620 4375 723 4446 origine
746 4375 816 4428 dalla
839 4374 959 4445 famiglia
980 4375 1112 4440 Barbone,
1131 4384 1232 4427 tuttora
1252 4372 1304 4424 esi·

180 4471 304 4515 stente».
