3142 4875
262 321 335 391 372
567 323 773 370 Tuncrnrt's
802 324 850 371 DE
878 323 1072 371 §tretecus

259 557 367 629 nibus
397 555 636 628 manifestans
680 580 753 627 non
783 556 952 650 permisit
979 556 1206 628 exstinctum
1240 580 1377 651 corpus

256 663 342 736 alibi
371 661 571 759 deportari.
632 662 680 733 Et
699 687 881 733 conversa
901 680 1019 734 mater
1036 662 1084 734 ad
1115 661 1239 742 filiam,
1270 661 1374 732 invo-

256 796 345 842 cans
374 767 491 841 sancti
522 793 668 850 nomen,
701 793 783 840 eam
814 770 935 840 vivam
965 786 1003 841 et
1038 768 1260 840 incolumem
1289 768 1373 840 alle-

255 877 365 949 vavit.
432 875 631 971 Stuporem
665 876 727 970 qui
766 875 971 946 videntium
1009 875 1123 947 corda
1151 875 1308 971 replevit
1335 896 1374 948 et

254 1000 450 1080 parentum
481 983 659 1078 gaudium
704 980 940 1077 inexpertum
982 981 1088 1054 alteri
1130 980 1373 1077 relinquimus
1406 1015 1422 1077 5

253 1091 553 1186 exprimendum.

335 1219 396 1286 47.
430 1196 468 1267 ln
498 1193 623 1267 Sicilia
651 1195 803 1291 quidam
834 1194 986 1274 iuvenis,
1019 1194 1271 1268 Gerlandinus
1309 1220 1370 1266 no-

255 1303 362 1380 mine,
395 1306 441 1374 de
471 1301 639 1399 Ragusia
667 1302 856 1380 oriundus,
896 1300 1167 1374 vindemiarum
1200 1318 1371 1397 tempore

251 1411 299 1481 ad
330 1410 457 1481 vineas
485 1435 568 1481 cum
598 1409 815 1505 parentibus
843 1408 944 1480 exiit.
1002 1407 1186 1501 Quicum
1216 1407 1250 1479 in
1281 1434 1371 1481 vase

252 1515 406 1596 vinario,
438 1534 476 1586 ut
507 1531 607 1587 utres
636 1513 851 1611 compleret,
874 1517 943 1586 sub
963 1515 1138 1587 torculari
1167 1539 1207 1586 se
1236 1515 1366 1586 immit-
1408 1546 1447 1592 ro

251 1639 355 1700 teret,
389 1641 542 1719 repente
571 1621 828 1719 praegrandes
857 1621 1009 1717 lapides,
1042 1621 1152 1692 motis
1188 1622 1224 1692 in
1260 1646 1300 1693 se
1329 1622 1370 1693 li-

250 1755 410 1826 gnorum
431 1729 602 1804 struibus,
626 1754 710 1800 cum
732 1728 867 1824 quibus
887 1753 1040 1799 uvarum
1062 1727 1205 1800 vinacia
1225 1753 1366 1823 preme-

248 1837 393 1918 bantur,
425 1853 537 1931 caput
565 1837 645 1906 eius
674 1834 817 1906 funebri
854 1835 1094 1931 percussione
1130 1857 1365 1930 quassarunt.

250 1944 420 2015 Festinat
448 1961 554 2038 pater
581 1942 628 2014 ad
659 1940 772 2012 filium
793 1959 831 2013 et
854 1943 1059 2037 desperans
1087 1942 1261 2012 obrutum
1293 1967 1367 2013 non

246 2051 407 2130 adiuvat,
426 2050 492 2121 sed
509 2075 592 2120 eum
614 2050 683 2119 sub
699 2073 815 2120 onere
834 2048 929 2119 sicut
949 2046 1086 2118 corruit
1105 2047 1158 2119 sic
1179 2048 1363 2143 relinquit.
1407 2079 1441 2141 ¹5

246 2157 459 2228 Accurrunt
473 2155 685 2250 expeditius
700 2155 888 2232 vinitores,
904 2155 1030 2250 magni
1046 2154 1218 2226 clamoris
1233 2180 1365 2227 vocem

247 2264 443 2359 lugubrem
470 2262 674 2342 audientes,
698 2280 735 2333 et
763 2279 907 2357 patrem
937 2261 1110 2332 miserum
1133 2262 1363 2340 miserantes,

247 2370 359 2442 lilium
381 2370 581 2443 extrahunt
599 2395 621 2442 a
642 2369 757 2441 ruina.
816 2368 864 2440 Et
884 2383 1068 2464 ponentes
1087 2392 1254 2439 seorsum
1275 2393 1366 2440 exa-

247 2478 344 2549 nime
375 2503 509 2572 corpus
539 2475 740 2553 involvunt,
763 2501 807 2547 ac
830 2477 877 2547 de
897 2474 952 2547 sui
973 2474 1188 2546 humatione
1218 2473 1364 2547 solliciti

244 2584 364 2655 solum
385 2584 579 2654 exsistunt.
640 2584 750 2654 Pater
768 2608 859 2654 vero
883 2580 998 2678 ipsius
1018 2581 1100 2653 lesu
1122 2581 1281 2677 pedibus
1300 2583 1365 2653 ob·
1396 2611 1441 2657 20

245 2689 330 2761 nixe
359 2689 597 2786 provolvitur,
630 2707 669 2759 ut
698 2688 811 2760 filium
841 2714 947 2759 suum
979 2689 1128 2760 unicum
1158 2690 1362 2783 persancti

246 2796 430 2868 Francisci
453 2797 592 2877 merita,
612 2797 716 2868 cuius
736 2812 824 2868 tunc
844 2796 925 2867 dies
945 2795 1101 2868 celebris
1130 2793 1359 2877 imminebat,

242 2903 310 2972 sibi
350 2904 507 2974 reddere
548 2904 777 2999 dignaretur.
837 2902 1047 2999 ingeminat
1076 2927 1218 2998 preces,
1250 2921 1363 2973 vovet

240 3009 363 3081 officia
392 3010 550 3106 pietatis,
583 3027 619 3081 et
649 3011 765 3081 sancti
795 3009 862 3081 viri
898 3035 984 3081 ossa
1017 3035 1057 3081 se
1095 3008 1275 3104 promittit
1304 3034 1362 3080 ce·

241 3116 386 3188 lerrime
408 3115 566 3190 visitare.
625 3118 771 3189 Interea
790 3141 875 3187 sero
895 3132 1014 3188 mater
1033 3116 1202 3195 occurrit,
1230 3116 1361 3188 rabida
1392 3143 1411 3187 2
1418 3146 1432 3206 5

242 3222 348 3293 nimis
377 3240 561 3295 mortuum
592 3224 664 3294 ruit
706 3224 741 3295 in
786 3223 911 3303 filium,
941 3240 979 3294 et
1008 3221 1142 3318 lugens
1171 3224 1251 3318 ipsa
1279 3248 1361 3294 cae·

242 3350 341 3401 teros
371 3348 496 3403 movet
524 3331 571 3401 ad
601 3328 750 3401 luctum.
810 3329 999 3402 Continuo
1028 3355 1121 3425 puer
1148 3354 1361 3425 exsurgens

238 3436 461 3533 plangentes
476 3438 661 3532 obiurgat,
675 3454 712 3507 et
728 3437 845 3507 sancti
856 3436 1043 3507 Francisci
1058 3436 1244 3532 suffragiis
1260 3436 1360 3508 vitae

239 3570 279 3615 se
308 3543 493 3615 redditum
524 3542 730 3616 allaetatur.
789 3544 904 3614 Porro
924 3542 986 3638 qui
1007 3542 1265 3614 confluxerant
1294 3542 1359 3614 ho-

240 3652 357 3722 mines
387 3676 499 3722 voces
529 3650 677 3721 laudum
708 3649 865 3722 efferunt
908 3651 942 3720 in
986 3648 1153 3721 excelsis.
1192 3649 1253 3744 qui
1290 3676 1358 3745 per
1391 3676 1433 3739 30

238 3775 406 3829 sanctum
436 3783 542 3828 suum
572 3783 594 3828 a
624 3757 710 3828 lune
740 3756 878 3828 funeris
907 3774 1092 3827 mortuum
1120 3756 1299 3827 liberavit.

318 3866 378 3952 48.
416 3864 629 3956 Quemdam
671 3863 782 3935 alium
826 3879 1012 3934 mortuum
1057 3864 1091 3934 in
1131 3862 1358 3935 Alamannia

236 3971 446 4051 suscitavit,
478 3972 524 4041 de
554 3995 628 4065 quo
666 3968 839 4041 dominus
868 3970 970 4064 Papa
1006 3969 1223 4065 Gregorius,
1265 3986 1341 4042 tem

235 4102 325 4172 pore
355 4077 606 4148 translationis
627 4076 723 4147 beati
745 4075 944 4159 Francisci,
977 4076 1109 4148 iratres
1138 4077 1355 4170 omnesqui

235 4183 281 4252 ad
312 4184 591 4254 translationem
612 4200 649 4253 et
670 4183 871 4278 capitulum
893 4200 1157 4263 convenerant,
1181 4207 1248 4278 per
1266 4206 1356 4278 apo·
1389 4210 1431 4274 35

234 4287 383 4358 stolicas
411 4289 551 4359 litteras
580 4309 702 4360 certos
731 4289 892 4360 reddidit
921 4306 958 4360 et
996 4288 1217 4386 gaudentes.
1286 4289 1355 4360 Mi-

234 4392 345 4462 raculi
376 4394 483 4464 huius
511 4395 644 4465 seriem
676 4396 762 4489 quia
795 4395 962 4491 ignoravi
1002 4421 1073 4467 non
1105 4396 1244 4490 scripsi,
1277 4421 1355 4469 cre-
