3142 4875
605 318 710 366 uenti
741 317 926 365 l‘RANClSCl
1251 314 1323 384 247

208 429 292 434 *⁴-
321 429 449 434 ..υ-
509 429 583 434 ...ἡὴ
627 429 701 434 --μ
718 428 939 433 ,---..,γ,..-..-.,..-
975 427 1214 434 --..,----..
1240 429 1326 435 ...u—1—

206 554 326 624 trabat
345 551 443 624 enim
468 553 516 624 ab
540 552 640 623 omni
662 551 745 623 labe
765 577 899 646 purum
919 550 1111 647 ingenium
1134 551 1327 643 mysterio-

206 685 286 731 rum
306 658 535 742 abscondita‚
559 675 596 730 et
626 659 687 730 ubi
709 657 933 755 magistralis
962 657 1117 729 scientia
1147 656 1234 729 soris
1256 673 1323 738 est,

205 766 358 838 affectus
388 766 563 837 introibat
591 765 761 837 amantis.
821 765 992 861 Legebat
1023 765 1250 859 quandoque
1289 764 1324 836 in

205 872 318 944 sacris
348 872 457 956 libris,
491 889 528 944 et
557 873 657 967 quod
686 872 811 944 animo
841 872 956 944 semel
978 870 1164 953 iniecerat,
1189 870 1326 943 indele-

154 1007 172 1071 5
205 979 326 1052 biliter
345 979 532 1052 scribebat
552 980 587 1050 in
608 978 731 1051 corde.
790 978 1013 1051 Memoriam
1042 1003 1111 1074 pro
1141 976 1241 1050 libris
1261 979 1328 1051 ha·

205 1087 327 1169 bebat,
360 1085 446 1182 quia
477 1111 549 1157 non
571 1086 706 1158 frustra
725 1085 841 1157 semel
861 1085 1034 1181 capiebat
1052 1085 1201 1157 auditus
1221 1085 1324 1182 quod

206 1195 381 1267 continua
418 1193 617 1265 devotione
652 1191 863 1265 ruminabat
903 1192 1067 1264 affectus.
1134 1192 1245 1263 Hunc
1275 1190 1326 1263 di·
1404 1255 1407 1260 ,

206 1300 332 1372 scendi
362 1299 588 1397 legendique
618 1300 770 1372 modum
801 1299 1029 1370 fructuosum
1063 1298 1224 1384 dicebat,
1250 1323 1325 1370 non

207 1433 273 1502 per
289 1406 457 1479 millenos
476 1405 629 1504 evagari
649 1421 839 1478 tractatus.
898 1405 1039 1478 Verum
1060 1406 1223 1477 habebat
1243 1405 1325 1500 phi-

135 1539 177 1586 10
206 1514 413 1610 losophum,
437 1513 499 1608 qui
529 1513 717 1585 desiderio
737 1513 835 1584 vitae
855 1529 1031 1585 aeternae
1052 1511 1140 1584 nihil
1169 1538 1325 1609 praepo·

207 1636 321 1693 neret.
361 1620 569 1691 Asserebat
588 1635 713 1691 autem
736 1622 791 1714 [a]
814 1619 968 1692 scientia
989 1620 1112 1691 suiad
1132 1619 1325 1691 scientiam

206 1727 278 1800 Dei
310 1726 415 1799 facile
453 1743 718 1822 perventurum
755 1752 851 1808 eum,
885 1727 946 1822 qui
976 1727 1180 1821 scripturae
1210 1725 1326 1797 inten-

206 1835 310 1918 dens,
331 1831 479 1905 humilis
508 1858 582 1904 non
611 1849 945 1929 praesumptuosus
967 1831 1178 1928 inquireret.
1228 1833 1326 1903 Eno-

205 1942 319 2013 dabat
348 1942 562 2036 frequenter
600 1941 785 2035 quaedam
825 1939 937 2011 dubia
983 1938 1256 2035 quaestionum,
1290 1955 1327 2009 et

137 2073 174 2137 15
207 2047 399 2144 imperitus
428 2047 550 2118 verbis
579 2046 806 2119 intellectum
844 2064 881 2117 et
917 2043 1092 2117 virtutem
1121 2046 1327 2117 luculenter

207 2155 412 2250 promebat.

268 2529 340 2626 [De
367 2529 471 2600 verbo
490 2527 702 2623 prophetico
729 2529 828 2622 quod
852 2528 905 2599 ad
920 2536 1045 2621 preces
1072 2526 1265 2596 crtz'nsdam

316 2645 466 2739 fratris
493 2645 772 2715 Proedr'calorr's
800 2642 996 2739 exposuit}
1061 2639 1198 2711 LXIX.

292 2878 336 2926 10
342 2880 374 2948 3.
387 2856 566 2928 Manente
578 2854 659 2950 ipso
668 2855 768 2950 apud
786 2855 915 2937 Senas,
930 2852 1088 2951 contigit
1102 2851 1186 2924 illuc
1198 2853 1325 2925 venire

137 2996 179 3043 20
207 2962 406 3058 quemdam
437 2962 484 3034 de
513 2962 643 3035 ordine
673 2961 987 3043 Praedicatorum‚
1015 2960 1133 3031 virum
1173 2959 1325 3055 quidem

207 3068 434 3166 spiritualem
459 3086 496 3141 et
521 3095 648 3142 sacrae
669 3068 883 3166 theologiae
901 3069 1104 3140 doctorem.
1164 3066 1325 3139 Visitato

208 3175 320 3272 igitur
348 3178 459 3248 beato
488 3175 698 3257 Francisc0‚
732 3177 811 3271 ipse
840 3175 981 3272 peritus
1009 3191 1047 3247 et
1083 3191 1233 3246 sanctus
1263 3174 1324 3245 diu

208 3284 255 3355 de
278 3283 402 3355 verbis
422 3283 493 3355 Dei
517 3282 731 3355 dulcissima
751 3283 949 3355 collatione
976 3282 1154 3354 fruuntur.
1213 3283 1325 3352 Inter-

208 3390 355 3487 rogavit
375 3407 498 3462 autem
519 3416 605 3462 eum
626 3389 746 3461 dictus
766 3390 946 3487 magister
966 3390 1013 3462 de
1035 3388 1095 3461 illo
1118 3387 1327 3460 Ezechielis

138 3524 178 3590 25
207 3498 342 3569 verbo:
365 3495 402 3567 Si
425 3522 498 3568 non
519 3495 797 3568 annuntiaveris
817 3494 931 3593 impio
953 3496 1181 3591 impietatem
1206 3520 1322 3576 suam,

208 3602 368 3676 animam
402 3604 482 3675 eius
508 3603 555 3675 de
580 3628 695 3703 ⁴manu
725 3619 788 3676 tua
818 3604 1015 3699 requiram.
1066 3600 1172 3672 Dixit
1205 3600 1323 3672 enim:

208 3709 356 3793 Multos,
380 3711 478 3783 bone
498 3726 614 3806 pater,
638 3711 717 3807 ipse
747 3735 947 3807 cognosco
971 3734 1065 3804 quos
1094 3708 1216 3779 sciens
1244 3732 1328 3778 esse

209 3816 242 3887 in
263 3833 420 3913 peccato
449 3817 604 3900 mortali,
629 3842 702 3888 non
732 3841 881 3912 semper
900 3815 933 3887 ei
964 3813 1192 3910 impietatem
1222 3838 1327 3884 suam

207 3923 397 3995 annuntio.
456 3923 647 4019 Numquid
676 3925 724 3995 de
754 3948 865 3994 manu
896 3947 979 3994 mea
1017 3921 1144 3992 talium
1180 3918 1326 3990 animae

278 4150 302 4202 9.
317 4132 338 4185 R
353 4132 484 4186 millesios
557 4148 634 4203 9-10.
647 4134 667 4186 R
681 4150 728 4187 om.
744 4132 941 4202 philosophum
1018 4146 1110 4184 10-11.
1126 4130 1155 4181 ll
1168 4144 1328 4199 proponeret

211 4228 250 4264 rr.
261 4214 285 4265 A
297 4230 372 4264 outa
410 4212 522 4265 scientia
539 4213 592 4280 sni]
612 4214 631 4266 R
647 4213 819 4265 scientiarum
897 4228 934 4275 14.
952 4211 1098 4280 quaedam]
1112 4211 1139 4263 ,ll
1149 4208 1329 4266 verbotenus:

208 4292 408 4361 unandoque
484 4292 706 4360 15..llimperitis
781 4308 822 4344 22.
838 4292 949 4362 peritus]
968 4293 997 4344 ll
1013 4293 1109 4362 pariter
1183 4291 1332 4354 25..lan—

208 4371 393 4424 nuntiaveritis
466 4371 613 4425 28.Rom.
633 4373 657 4424 ei
