3142 4875
602 294 708 344 ΒΕΑΤῙ
736 293 922 342 FRANCISCI
1245 291 1318 359 401

203 405 409 412 ——-—-
420 405 426 410 .
737 404 838 409 --.-.
857 403 944 409 -—-.
955 404 1037 409 -m-..-
1046 403 1101 409 -0„...

204 531 417 604 iuvamenta
444 545 643 611 tentarent,
674 527 710 601 in
742 525 841 600 nullo
879 526 1060 623 proficere
1088 526 1321 601 videbantur.

204 635 340 734 Coepit
368 638 518 709 tandem
541 634 694 721 iuvenis,
716 634 843 706 divino
863 633 1011 707 afflatus
1030 633 1171 731 spiritu,
1202 636 1250 708 de
1270 662 1324 708 sa-

203 744 279 816 lute
307 743 455 816 animae
484 743 662 841 cogitare,
694 758 732 814 et
760 742 885 814 Deum
916 741 1082 814 studiosa
1112 758 1237 815 mente
1266 767 1325 815 re·

203 850 360 947 quirere,
392 849 455 947 qui
483 866 591 922 sanat
619 847 799 922 contritos
828 850 940 922 corde
968 866 1007 921 et
1034 848 1163 945 alligat
1191 850 1323 922 contri·

157 958 324 1050 5tiones
369 981 510 1030 eorum.
589 957 718 1052 Itaque
749 953 932 1029 Ordinem
974 955 1091 1028 sancti
1135 957 1322 1029 Francisci

201 1066 362 1138 devotus
390 1064 548 1148 intravit,
581 1062 667 1135 nulli
688 1079 813 1136 tamen
844 1087 917 1158 qua
941 1064 1147 1160 urgebatur
1176 1063 1323 1136 infirmi-

201 1189 317 1244 tatem
335 1170 488 1245 detexit.
537 1169 678 1242 Verum
693 1168 962 1266 aliquantisper
977 1195 1118 1242 moram
1130 1168 1167 1241 in
1179 1169 1324 1244 Ordine

203 1277 372 1362 faciente,
405 1303 487 1351 cum
517 1280 565 1350 ad
590 1276 758 1350 notitiam
780 1277 933 1350 fratrum
963 1275 1106 1348 iuvenis
1134 1278 1323 1374 pervenis-

201 1402 260 1459 set
287 1384 490 1468 infirmitas,
524 1384 612 1457 moti
643 1383 775 1456 fratres
804 1381 1001 1456 voluerunt
1029 1408 1115 1456 eum
1145 1382 1231 1457 licet
1259 1387 1323 1458 do·

132 1521 172 1568 10
201 1493 321 1565 lentes
349 1491 539 1565 remittere
567 1493 615 1564 ad
636 1507 822 1587 parentes.
881 1490 955 1562 Sed
986 1490 1091 1588 pueri
1113 1492 1322 1565 constantia

201 1615 305 1672 tanta
326 1598 402 1684 fuit,
424 1615 465 1672 ut
484 1598 717 1671 coactionem
737 1596 904 1668 vinceret
924 1597 1185 1693 importunam.
1246 1599 1321 1672 Cu·

201 1731 280 1780 ram
309 1706 467 1802 proinde
504 1705 714 1778 habuerunt
751 1704 883 1776 fratres
918 1704 965 1775 de
1003 1704 1147 1788 iuvene,
1187 1707 1317 1790 donec,

200 1813 323 1911 gratia
345 1814 575 1885 confortatus
594 1829 632 1884 et
651 1809 778 1907 probis
798 1810 964 1883 moribus
983 1811 1156 1883 redolens
1180 1813 1319 1885 bonum

199 1920 330 2002 virum,
353 1944 479 1992 curam
508 1918 714 1991 animarum
745 1916 842 1991 inter
869 1943 935 1989 eos
959 1919 1122 2013 suscepit
1141 1934 1179 1990 et
1197 1919 1320 1993 lauda-

132 2051 168 2116 15
200 2026 322 2100 biliter
349 2026 559 2124 regularem
588 2024 757 2098 exercuit
780 2023 1024 2121 disciplinam.
1083 2025 1239 2098 Factum
1264 2045 1322 2100 est

199 2151 325 2206 autem
358 2159 442 2206 cum
473 2158 609 2229 corpus
636 2131 736 2204 beati
765 2131 953 2204 Francisci
982 2132 1245 2205 transferretur
1272 2136 1320 2206 ad

199 2238 332 2324 locum,
350 2239 467 2313 adfuit
495 2255 582 2311 tunc
603 2239 724 2311 dictus
753 2239 866 2311 frater
894 2237 1144 2311 translationis
1171 2240 1321 2336 gaudiis

200 2374 284 2420 cum
301 2346 535 2419 multitudine
551 2362 796 2419 caeterorum.
843 2346 892 2417 Et
907 2344 1212 2444 appropinquans
1228 2362 1319 2419 tum-

198 2457 279 2539 bae,
299 2457 334 2527 in
365 2480 439 2551 qua
466 2480 601 2551 corpus
625 2454 843 2550 quiescebat
862 2452 977 2551 patris
996 2453 1229 2537 sanctissimi,
1252 2481 1320 2551 pro

127 2586 170 2633 20
199 2563 272 2635 iam
292 2561 499 2634 inveterata
528 2561 741 2634 infirmitate
770 2561 894 2658 coepit
921 2585 1028 2632 orare
1048 2560 1196 2633 diutius.
1254 2562 1319 2634 Su-

198 2669 276 2741 bito
297 2668 390 2741 miro
411 2669 523 2740 modo
543 2669 591 2740 ad
611 2668 693 2740 loca
711 2666 838 2740 debita
860 2669 1028 2763 partibus
1049 2669 1241 2751 revocatis,
1265 2695 1319 2743 sa-

199 2791 325 2847 natum
347 2802 388 2848 se
407 2775 581 2857 sentiens,
601 2774 885 2847 succinctorium
914 2774 1088 2870 deposuit
1107 2794 1144 2847 et
1163 2801 1211 2848 ex
1230 2791 1318 2850 tunc

197 2884 245 2954 ab
274 2884 374 2954 omni
403 2883 533 2954 dolore
563 2881 764 2977 praeterito
793 2881 942 2977 penitus
971 2880 1063 2953 liber
1092 2882 1168 2954 fuit.

284 3011 369 3067 110.
398 2989 554 3061 Pisanus
590 2987 752 3085 quidam,
792 3014 875 3060 cum
910 3004 1055 3061 secreta
1094 2989 1232 3063 ventris
1269 2991 1317 3064 ad

127 3121 167 3186 25
197 3097 374 3192 pudenda
402 3097 483 3168 loca
513 3112 647 3168 cuncta
674 3093 872 3176 emitteret,
897 3096 1102 3191 peracerbo
1131 3097 1260 3170 dolore
1280 3117 1318 3171 et

198 3219 435 3276 monstruoso
464 3202 607 3299 pudore
637 3219 766 3274 contra
795 3201 957 3298 seipsum
988 3228 1066 3274 rem
1095 3203 1316 3277 diabolicam

197 3309 386 3407 cogitavit.
446 3311 543 3382 Nam
573 3308 608 3380 in
639 3310 769 3381 ultimo
788 3309 1061 3406 desperationis
1080 3312 1232 3407 gurgite
1252 3313 1317 3383 de-

196 3416 353 3500 volutus,
372 3415 556 3513 disposuit
570 3415 744 3512 seipsum,
764 3432 804 3487 ut
819 3414 912 3489 ultra
925 3442 998 3489 non
1018 3417 1171 3502 viveret,
1182 3419 1317 3514 laqueo

195 3548 367 3603 enecare.
429 3524 618 3595 Interdum
648 3540 783 3605 tamen,
803 3550 886 3595 cum
915 3525 1079 3596 nondum
1110 3524 1316 3597 exstinctae

127 3653 168 3719 30
197 3630 446 3703 conscientiae
477 3648 708 3728 pungeretur
734 3632 875 3707 aculeo,
906 3631 1030 3724 coepit
1058 3629 1174 3702 sancti
1204 3632 1316 3703 Fran-

196 3737 283 3810 cisci
313 3760 449 3810 nomen
481 3737 682 3810 memoriae
711 3763 801 3809 suae
830 3737 1043 3833 imprimere
1072 3753 1110 3808 et
1131 3763 1197 3809 ore
1230 3739 1315 3810 licet

196 3843 367 3918 debiliter
395 3844 581 3923 invocare.
648 3844 837 3917 Continuo
866 3843 980 3915 totius
1017 3843 1202 3916 maledicti
1233 3871 1314 3941 pro·

196 3952 306 4047 positi
348 3950 509 4025 celerem
552 3951 835 4025 conversionem
873 3950 1042 4029 obtinuit,
1082 3968 1120 4022 et
1152 3953 1315 4025 enormis

196 4059 332 4156 plagae
361 4059 590 4132 curationem
621 4058 744 4130 subito
773 4057 995 4154 impetravit.

128 4192 163 4257 35
281 4189 364 4237 111.
382 4165 498 4239 Filius
512 4165 704 4238 cuiusdam
725 4166 771 4237 de
793 4181 915 4237 castro
937 4164 1132 4237 Cisternae
1152 4165 1188 4237 in
1205 4166 1316 4239 Mari·

193 4271 284 4347 tima
299 4274 502 4346 enormiter
509 4274 728 4370 genitalium
740 4273 900 4345 fractura
915 4288 1103 4369 gravatus,
1117 4271 1217 4346 nullo
1232 4275 1316 4347 arti·

193 4378 278 4453 ficio
306 4380 468 4453 retinere
487 4397 634 4478 poterat
655 4379 840 4456 intestina.
888 4382 985 4453 Nam
1008 4380 1187 4467 lumbare,
1214 4383 1315 4477 quod

263 4558 302 4609 26
