3142 4875
594 345 699 393 ΒΕΑΤΙ
728 345 913 394 ranucrscr
1240 326 1313 415 367

278 600 339 667 41.
373 574 424 649 Ut
452 574 697 649 confessionis
715 574 934 649 admirabile
954 576 1026 649 Dei
1048 578 1199 660 donum,
1228 579 1316 650 totis

196 684 244 755 ab
273 683 446 755 omnibus
474 683 764 779 amplexandum
795 682 998 756 visceribus
1027 685 1254 767 ostendatur,
1278 701 1317 757 et

196 790 293 885 quia,
325 791 426 885 quod
455 790 655 886 singularis
674 789 795 862 meriti
815 806 966 862 sanctus
985 791 1054 862 iste
1074 816 1224 886 semper
1243 792 1316 863 iue-

196 896 243 968 rit
270 895 370 992 apud
400 895 591 968 Christum
621 895 841 994 dignissime
874 897 1120 992 praedicetur,
1157 898 1315 970 reseren-

152 1033 165 1095 5
196 1004 284 1077 dum
314 1020 424 1083 certe,
449 1003 625 1098 quoniam
654 1003 743 1075 dum
773 1004 809 1074 in
839 1005 979 1075 mundo
1000 1003 1141 1076 viveret
1160 1021 1198 1076 et
1222 1003 1314 1077 mire

196 1110 353 1206 p[a]tuit
372 1126 410 1182 et
429 1126 514 1207 post
533 1126 691 1182 mortem
713 1109 884 1182 Christus
903 1136 994 1182 suus
1013 1112 1060 1183 de
1080 1110 1161 1207 ipso
1182 1110 1315 1183 clarius

196 1215 475 1289 demonstravit.
536 1219 631 1289 Cum
660 1216 759 1289 enim
790 1217 921 1289 beatus
949 1234 1056 1313 pater
1092 1218 1314 1291 Franciscus

196 1323 476 1419 praedicaturus
509 1323 626 1397 semel
662 1325 861 1396 accederet
896 1324 944 1396 ad
983 1323 1176 1408 Celanum,
1209 1324 1315 1397 miles

194 1430 346 1527 quidam
375 1430 531 1528 supplici
561 1430 771 1511 devotione,
804 1429 904 1502 omni
934 1457 1018 1503 cum
1048 1430 1232 1515 instantia,
1254 1457 1315 1504 se-

128 1566 166 1612 ro
195 1562 279 1610 cum
308 1536 356 1608 ad
384 1537 581 1634 prandium
611 1537 788 1610 invitavit.
848 1538 923 1631 Qui
960 1537 1116 1610 multum
1149 1539 1315 1611 renitens

195 1661 233 1716 et
268 1668 439 1727 renuens
471 1643 664 1717 coactione
702 1645 854 1716 tandem
891 1643 1051 1717 vincitur
1089 1644 1310 1741 importuna.

195 1750 309 1822 Venit
328 1749 441 1848 igitur
469 1752 561 1823 hora
588 1751 744 1847 prandii,
777 1767 815 1822 et
844 1776 971 1823 mensa
993 1751 1190 1848 splendide
1210 1776 1314 1848 prae·

194 1873 355 1953 paratur.
414 1857 587 1930 Exsultat
614 1859 772 1930 devotus
793 1857 940 1954 hospes,
963 1874 1002 1930 et
1022 1858 1194 1930 universa
1214 1858 1314 1931 sami·

194 1965 241 2036 lia
262 1989 468 2060 pauperum
488 1964 675 2061 hospitum
697 1964 919 2036 iucundatur
939 1964 1123 2061 ingressu.
1181 1964 1314 2037 Stabat

127 2100 161 2162 15
194 2072 326 2143 beatus
346 2071 567 2144 Franciscus
596 2069 724 2144 oculos
752 2070 881 2143 levans
909 2071 957 2143 ad
988 2073 1145 2156 caelum,
1167 2087 1206 2143 et
1226 2071 1313 2143 invi-

193 2193 335 2250 tantem
365 2203 404 2250 se
433 2178 619 2274 hospitem
649 2178 817 2250 clanculo
853 2193 973 2250 vocat.
1033 2178 1142 2260 Ecce,
1180 2177 1309 2273 inquit,

193 2286 307 2358 frater
334 2285 483 2381 hospes
514 2285 586 2357 tuis
615 2284 734 2357 victus
768 2285 942 2380 precibus
979 2300 1019 2355 ut
1048 2284 1310 2357 manducarem

193 2392 348 2465 domum
368 2408 470 2465 tuam
500 2391 642 2465 intravi.
701 2390 798 2464 Meis
827 2391 901 2464 cito
931 2389 1080 2464 monitis
1099 2392 1307 2488 acquiesce,

193 2500 369 2595 quoniam
384 2515 423 2571 tu
440 2525 513 2571 non
535 2500 595 2572 hic
614 2499 681 2571 sed
700 2497 786 2571 alibi
808 2499 1062 2572 manducabis.
1121 2499 1311 2572 Confitere

121 2632 164 2679 20
192 2623 348 2702 peccata
376 2622 440 2678 tua
468 2605 569 2678 omni
598 2605 799 2678 devotione
828 2605 1017 2689 contritus
1042 2630 1110 2677 nec
1131 2605 1166 2678 in
1195 2622 1233 2679 te
1258 2632 1312 2679 re-

193 2730 344 2785 maneat
364 2712 568 2809 quidquam
584 2713 685 2809 quod
702 2737 790 2784 vera
804 2711 1039 2785 consessione
1060 2737 1132 2784 non
1154 2714 1307 2809 pandas.

193 2819 343 2892 Reddet
372 2818 437 2892 tibi
467 2819 653 2891 Dominus
682 2819 793 2891 hodie
830 2819 959 2902 vicem,
992 2818 1169 2916 quoniam
1207 2836 1312 2894 tanta

193 2927 395 2998 devotione
423 2951 511 2998 suos
539 2951 725 3024 pauperes
753 2926 961 3023 suscepisti.
1019 2926 1222 3022 Aequievit
1250 2953 1318 2999 ex·-

193 3034 333 3129 templo
361 3031 417 3105 vir
446 3033 505 3107 ille
534 3033 768 3106 sermonibus
796 3034 944 3115 sanctis,
977 3049 1015 3105 et
1043 3049 1177 3107 vocato
1192 3035 1310 3106 sancti

121 3164 160 3230 25
193 3139 380 3213 Francisci
409 3140 522 3221 socio,
555 3139 618 3237 qui
646 3140 823 3213 sacerdos
852 3157 940 3223 erat,
974 3139 1145 3213 universa
1165 3140 1198 3212 ei
1228 3166 1312 3237 pec-

193 3262 276 3320 cata
289 3272 378 3320 vera
393 3247 627 3319 consessione
641 3246 795 3319 detexit.
853 3246 1050 3343 Disposuit
1065 3246 1191 3319 domui
1207 3271 1308 3329 suae,

191 3371 230 3425 et
248 3355 404 3426 verbum
433 3354 549 3427 sancti
580 3353 844 3449 complendum
859 3352 1034 3426 indubius
1052 3354 1307 3449 exspectabat.

193 3460 426 3533 intraverunt
446 3460 597 3533 tandem
617 3461 665 3533 ad
686 3486 865 3543 mensam,
888 3477 926 3533 et
944 3460 1117 3532 omnibus
1136 3457 1308 3556 incipien-

192 3566 290 3640 tibus
320 3568 554 3650 manducare,
587 3585 672 3664 post
706 3568 825 3640 erucis
867 3567 1015 3663 signum
1053 3566 1194 3663 pectori
1237 3565 1308 3638 iam

120 3701 162 3767 30
192 3673 426 3770 impressum,
448 3700 598 3746 manum
619 3693 657 3746 et
685 3674 765 3770 ipse
785 3674 1055 3746 tremebundus
1073 3672 1243 3745 extendit
1262 3673 1309 3743 ad

191 3805 338 3876 panem.
397 3781 473 3852 Sed
501 3797 703 3877 antequam
732 3783 779 3854 ad
809 3807 850 3853 se
870 3806 1021 3852 manum
1044 3794 1235 3851 extentam
1256 3804 1309 3850 re-

192 3888 366 3971 traheret,
385 3888 560 3960 inclinato
577 3888 697 3985 capite
718 3888 886 3985 spiritum
917 3887 1088 3960 exalavit.
1140 3886 1175 3959 O
1196 3911 1309 3982 quam

191 3994 352 4066 amanda
395 3993 579 4067 confessio
621 3995 879 4092 peccatorum!
938 3994 1037 4066 Ecce
1068 4010 1107 4064 ut
1142 3992 1309 4065 confiteri

190 4102 309 4198 possit
338 4117 505 4174 mortuus
533 4102 741 4183 suscitatur,
773 4119 810 4173 et
839 4126 886 4172 ne
914 4100 1019 4172 vivus
1048 4100 1169 4195 perire
1188 4100 1311 4172 valeat

116 4241 158 4306 35
189 4206 225 4280 in
255 4225 460 4291 aeternum,
492 4208 735 4281 confessionis
763 4206 946 4280 beneficio
976 4207 1161 4279 liberatur.

260 4434 285 4489 6.
306 4436 350 4498 M,
370 4435 424 4487 AB
443 4438 530 4503 potuit
603 4450 644 4488 21.
665 4435 688 4486 A
696 4434 717 4484 B
736 4433 863 4503 quidquid
