3142 4875
614 276 719 325 uram
746 273 933 324 uniuersct
1282 274 1331 343 43

210 383 569 394 ———----—----——-.
624 386 743 393 ...-...-...
1036 383 1134 389 mm.
1160 385 1182 389 ,,.,
1201 384 1331 391 *—

209 506 299 586 Vix,
330 505 388 578 vel
418 530 619 602 nunquam,
650 505 811 578 alaude
840 503 912 578 Dei
950 521 988 577 et
1016 506 1185 577 oratione
1216 531 1335 578 cessa·

209 615 316 699 bant,
338 612 405 685 sed
435 613 610 684 continua
639 611 869 685 discussione
898 611 1074 707 quicquid
1095 630 1252 708 egerant
1282 638 1335 685 re·

212 719 448 817 colligentes,
469 745 536 816 pro
557 720 654 791 bene
673 718 765 791 actis
784 719 927 815 gratias
946 719 1042 800 Deo,
1065 744 1133 816 pro
1155 718 1339 816 neglectis

213 844 252 900 et
280 826 429 899 incaute
459 824 666 899 commissis
693 826 857 922 gemitus
886 842 923 897 et
952 825 1122 898 lacrimas
1150 828 1336 922 persolve-

162 967 179 1029 5
212 936 317 1007 bant.
374 932 541 1005 Relictos
568 958 591 1005 a
619 932 705 1005 Deo
734 957 775 1004 se
800 933 879 1004 lore
908 934 1099 1029 putabant,
1132 934 1161 1003 si
1193 958 1266 1005 non
1296 958 1336 1006 se

214 1041 250 1113 in
281 1040 411 1137 spiritu
442 1039 651 1112 devotionis
671 1037 779 1111 solita
808 1038 948 1134 pietate
977 1039 1114 1137 iugiter
1133 1064 1337 1136 cognosce-

214 1164 300 1220 rent
327 1146 476 1219 visitari.
537 1145 632 1218 Cum
652 1145 751 1218 enim
779 1145 1011 1218 orationibus
1031 1146 1244 1220 incumbere
1264 1146 1336 1219 vel-

215 1256 303 1336 lent,
337 1279 383 1325 ne
412 1253 513 1350 ipsos
541 1253 722 1350 arriperet
741 1277 905 1335 somnus,
928 1251 1052 1348 aliquo
1076 1252 1333 1352 [adminiculo]

214 1362 460 1444 tenebantur;
492 1358 605 1456 aliqui
626 1358 817 1456 suspensis
838 1360 986 1430 funibus
1011 1359 1266 1443 fulciebantur,
1290 1387 1336 1432 ne

139 1502 182 1547 10
213 1493 283 1565 per
312 1467 432 1540 somni
461 1467 734 1563 surreptionem
755 1466 875 1538 oratio
894 1467 1115 1538 turbaretur.
1176 1467 1337 1565 [Carnis

214 1573 439 1673 maceratio]
498 1572 625 1669 Aliqui
645 1599 685 1645 se
706 1572 961 1645 instrumentis
986 1573 1115 1645 ferreis
1135 1572 1337 1646 circumda-

214 1684 316 1761 bant,
348 1680 459 1777 aliqui
481 1705 570 1752 vero
597 1679 733 1778 ligneis
752 1677 951 1776 ergastulis
971 1704 1011 1751 se
1032 1679 1243 1776 cingebant.
1297 1680 1336 1752 Si

214 1788 369 1888 quando
398 1789 566 1860 ciborum
596 1787 703 1884 copia
732 1786 790 1858 vel
819 1802 939 1882 potus,
972 1801 1011 1857 ut
1035 1785 1185 1869 assolet,
1206 1812 1336 1859 eorum

215 1895 400 1968 sobrietas
428 1895 650 1977 turbaretur,
682 1893 741 1966 vel
770 1891 911 1965 itineris
939 1892 1157 1965 lassitudine
1178 1894 1336 1965 necessi-

144 2038 181 2101 15
215 2002 303 2074 tatis
333 2015 452 2073 metas
479 2000 537 2073 vel
567 2000 603 2072 iu
637 1998 785 2073 modico
819 1999 1098 2096 pertransirent,
1135 1999 1335 2072 multorum

215 2107 361 2181 dierum
377 2108 602 2181 abstinentia
618 2132 657 2179 se
671 2106 911 2180 acerbissime
928 2106 1154 2179 cruciabant.
1212 2106 1338 2179 Tanta

214 2215 379 2311 denique
401 2213 652 2287 maceratione
680 2212 868 2285 incentiva
888 2212 1008 2286 carnis
1033 2212 1237 2309 reprimere
1266 2230 1337 2286 sat·

215 2322 391 2419 agebant,
425 2338 465 2393 ut
498 2322 534 2393 in
564 2319 802 2419 frigidissima
831 2319 952 2418 glacie
990 2346 1062 2392 non
1092 2320 1338 2393 abhorrerent
1389 2366 1391 2369 ν

215 2428 367 2524 saepius
395 2455 435 2502 se
458 2429 610 2527 nudare,
631 2454 674 2501 ac
692 2444 813 2501 totum
834 2452 970 2524 corpus
990 2427 1179 2523 spinarum
1198 2426 1339 2520 aculeis

141 2570 184 2617 20
215 2552 516 2634 compungentes
543 2535 723 2607 effusione
751 2533 945 2631 sanguinis
972 2533 1138 2633 irrigare.

298 2667 360 2733 41.
421 2643 674 2738 [Contemptus
701 2641 791 2738 sual]
852 2642 905 2714 Ita
924 2642 1023 2714 enirn
1043 2642 1170 2714 omnia
1188 2658 1340 2714 terrena

217 2750 473 2822 strenuissime
502 2750 803 2831 contemnebant,
836 2764 875 2820 ut
894 2766 1065 2821 extrema
1084 2748 1182 2822 vitae
1211 2774 1335 2821 neces-

217 2857 315 2929 saria
342 2857 405 2928 vix
434 2854 600 2953 recipere
628 2872 855 2952 paterentur,
887 2870 925 2927 et
952 2871 1029 2927 tam
1050 2855 1165 2953 longa
1184 2880 1337 2928 consue-

218 2963 346 3036 tudine
382 2989 404 3035 a
440 2987 621 3059 corporea
660 2961 915 3035 consolatione
955 2960 1128 3035 disiuncti
1165 2988 1338 3059 quaeque

144 3105 184 3168 25
217 3095 351 3166 aspera
380 3094 453 3141 non
475 3070 660 3142 timerent.
717 3071 817 3140 Pax.
877 3071 915 3140 ln
936 3069 993 3140 his
1012 3069 1186 3142 omnibus
1206 3095 1335 3165 pacem

218 3193 256 3248 et
284 3176 609 3250 mansuetudinem
630 3201 713 3248 cum
733 3174 908 3248 omnibus
926 3177 1190 3272 sequebantur,
1216 3192 1254 3248 et
1273 3202 1337 3271 pu-

218 3284 479 3380 dica'semper
514 3300 553 3356 et
588 3283 743 3379 pacifica
780 3299 990 3378 operantes,
1031 3308 1178 3354 summo
1214 3283 1338 3354 studio

219 3406 352 3463 cuncta
379 3389 554 3463 scandala
583 3389 810 3462 devitabant.
870 3388 944 3460 Vix
964 3389 1062 3460 enim
1086 3404 1256 3486 tempore
1277 3414 1337 3460 ne-

219 3497 380 3570 cessario
417 3498 675 3593 loquebantur,
708 3521 776 3568 nec
814 3495 862 3568 de
892 3497 1055 3594 ipsorum
1091 3521 1156 3567 ore
1186 3497 1338 3568 scurrile

147 3636 189 3701 30
218 3620 282 3676 aut
309 3603 469 3677 otiosum
500 3602 690 3700 quidpiam
725 3603 963 3699 procedebat,
997 3619 1037 3674 ut
1064 3602 1232 3687 in„omni
1262 3602 1340 3674 vita

219 3727 256 3782 et
275 3709 559 3784 conversatione
579 3711 744 3806 ipsorum
762 3735 836 3782 non
856 3727 984 3806 posset
1001 3709 1228 3804 impudicum
1249 3709 1339 3804 quid

295 3942 312 3979 r.
333 3926 381 3981 AS
397 3944 446 3980 om.
466 3937 492 3978 et
512 3927 635 3978 oratione
709 3939 733 3979 2.
753 3925 799 3977 AS
818 3944 857 3977 our
887 3937 999 3993 egerant
1073 3924 1337 3993 3.llgratiasage·

218 4021 277 4059 rent
295 4007 330 4062 D.
424 4005 449 4061 6.
469 4005 490 4058 R
510 4023 558 4059 um.
577 4005 676 4075 iugiter
775 4005 842 4057 8.B
860 4006 977 4057 amiculo
1073 4021 1097 4073 9.
1117 4004 1164 4057 As
1182 4006 1339 4067 tuebantur;

218 4087 312 4159 aliquis
326 4104 472 4159 suspensus
488 4085 543 4140 fun.
559 4085 716 4139 fulciebatur
770 4085 813 4148 H,
834 4086 856 4139 P
873 4084 1000 4138 funiculis
1057 4084 1077 4137 R
1097 4103 1144 4137 om.
1166 4084 1247 4154 aliqui
1264 4113 1275 4124 -
1289 4083 1338 4137 ful·

219 4169 355 4223 ciebantur
441 4183 479 4221 ιο.
499 4166 521 4219 Ρ
538 4166 734 4219 subiectionem
821 4181 860 4218 12.
886 4167 920 4218 W
935 4181 963 4217 se
983 4165 1176 4235 contingebant
1257 4181 1296 4229 14.
1312 4164 1342 4217 H

217 4247 276 4303 lass.
287 4248 389 4322 fatigati
401 4264 461 4301 nec.
538 4246 722 4317 19.H,Pum.
733 4246 839 4315 saepius
912 4245 1197 4300 22.ASconterebant
1251 4245 1341 4297 Orex-

217 4342 316 4385 tremae
390 4328 618 4400 23.ASom.uix
670 4327 813 4381 Puttam
888 4343 928 4395 31.
945 4326 1133 4395 non]Rnec,·
1152 4327 1187 4380 Os
1203 4343 1250 4377 om.
