3142 4875
602 355 708 442 Buprl
736 355 920 404 FRANCISCI
1272 350 1317 423 35

195 588 271 660 Dei
300 588 476 661 dominus
496 589 734 661 Innocentius
754 588 855 684 Papa
876 589 1017 671 tertius,
1046 587 1103 660 vir
1121 588 1317 686 gloriosus

195 696 368 768 doctrina
383 721 536 792 quoque
554 695 867 776 affluentissimus,
886 720 1060 767 sermone
1080 694 1317 772 clarissimus.

197 803 280 874 zelo
308 802 471 875 iustitiae
509 803 656 875 serveris
692 802 727 875 in
761 802 805 875 iis
838 827 934 898 quae
973 802 1196 875 christianae
1234 802 1319 874 fidei

198 908 320 982 cultus
340 934 454 981 causa
472 910 662 1004 poscebat.
717 908 790 981 Hic
811 934 894 980 cum
915 907 1078 980 virorum
1097 908 1170 981 Dei
1190 926 1319 981 votum

150 1044 168 1109 5
198 1015 427 1113 agnovisset,
458 1015 683 1088 discretione
711 1016 873 1111 praevia,
908 1014 1077 1113 petitioni
1107 1041 1236 1088 eorum
1264 1042 1319 1089 as·
1406 1037 1407 1044 ’

199 1148 350 1196 sensum
380 1122 562 1220 praebuit,
593 1137 631 1193 et
658 1123 790 1194 effectu
826 1139 1077 1218 prosequente
1106 1121 1316 1219 complevit,
1418 1209 1419 1214 Ἰ

199 1248 324 1327 atquc,
355 1230 404 1302 de
431 1228 599 1328 plurimis
627 1229 830 1302 exhortans
859 1245 896 1300 et
926 1253 1083 1301 monens
1105 1254 1181 1312 eos,
1205 1229 1318 1301 bene-

199 1336 295 1409 dixit
313 1353 443 1409 sancto
464 1334 665 1409 Francisco
684 1352 722 1408 et
741 1336 915 1409 fratribus
941 1336 1033 1421 eius,
1055 1336 1224 1433 dixitque
1244 1337 1316 1409 eis:

201 1444 255 1516 Ite
285 1470 368 1515 curn
398 1442 573 1522 Domino,
606 1443 747 1524 fratres,
779 1459 818 1515 et
846 1458 956 1538 prout
993 1440 1178 1515 Dominus
1213 1443 1320 1518 vobis

133 1578 171 1624 ro
200 1550 381 1647 inspirare
409 1548 633 1647 dignabitur,
666 1548 840 1622 omnibus
872 1550 1139 1645 poenitentiam
1176 1550 1319 1646 praedi-

200 1673 293 1729 cate.
326 1656 422 1729 Cum
451 1656 550 1730 enim
579 1655 816 1753 omnipotens
849 1656 1036 1728 Dominus
1064 1681 1131 1728 vos
1165 1682 1320 1729 numero

200 1762 458 1860 multiplicabit
481 1763 546 1862 [et]
570 1763 699 1859 gratia,
722 1763 770 1836 ad
796 1790 855 1836 me
875 1788 958 1836 cum
978 1763 1118 1860 gaudio
1139 1763 1316 1846 referetis,

200 1887 238 1943 et
258 1896 332 1969 ego
358 1871 466 1943 vobis
486 1871 543 1943 his
562 1872 669 1968 plura
690 1872 905 1952 concedam,
929 1886 967 1941 et
987 1870 1152 1942 securius
1179 1870 1319 1943 maiora

200 1977 442 2050 committam.
504 1977 659 2076 [Virro]
679 1976 779 2050 Vere
799 1976 985 2050 Dominus
1004 1992 1084 2049 erat
1104 2003 1187 2048 cum
1208 1979 1318 2049 beato

133 2113 168 2177 ¹5
200 2085 402 2157 Francisco
430 2109 668 2181 quocumque
689 2086 884 2182 pergebat,
917 2108 1003 2155 eum
1032 2082 1319 2155 revelationibus

200 2190 405 2264 laetificans
432 2208 471 2263 et
499 2189 688 2264 beneficiis
711 2191 926 2264 exhortans.
969 2190 1066 2262 Nam
1097 2215 1180 2262 curn
1210 2208 1318 2262 nocte

201 2298 363 2395 quadam
383 2323 423 2370 se
443 2299 568 2395 sopori
588 2297 762 2382 dedisset,
785 2296 906 2370 visum
934 2312 992 2370 est
1019 2296 1088 2368 sibi
1108 2322 1175 2394 per
1193 2322 1318 2393 quam-

201 2404 287 2478 dam
315 2404 414 2478 viam
443 2405 643 2491 ambulare,
665 2405 769 2478 iuxta
789 2430 900 2501 quarn
920 2405 1032 2477 arbor
1057 2429 1217 2503 magnae
1238 2429 1317 2500 pro·

202 2513 365 2585 ceritatis
383 2513 515 2586 stabat.
537 2514 663 2586 Arbor
681 2511 743 2585 illa
762 2513 915 2609 pulchra
936 2528 974 2584 et
992 2512 1105 2595 sortis,
1129 2537 1262 2610 grossa
1282 2528 1319 2584 et

128 2645 172 2694 20
200 2617 276 2692 alta
304 2619 421 2691 nimis.
480 2620 636 2692 Factum
665 2636 721 2692 est
749 2636 875 2691 autem
895 2620 984 2691 dum
1004 2619 1321 2716 appropinquaret

201 2727 249 2797 ad
278 2751 361 2798 eam
390 2741 437 2808 et,
460 2728 529 2799 sub
558 2753 603 2799 ea
631 2742 745 2809 stans,
766 2725 847 2798 eius
874 2725 1187 2823 pulchritudinem
1207 2741 1245 2799 et
1272 2727 1320 2799 al-

201 2832 398 2905 titudinem
427 2833 632 2914 miraretur,
663 2833 787 2905 subito
816 2833 895 2929 ipse
923 2851 1075 2905 sanctus
1103 2833 1150 2905 ad
1179 2848 1320 2906 tantam

202 2938 353 3012 devenit
387 2939 620 3013 altitudinem
658 2956 698 3012 ut
735 2965 914 3012 cacumen
952 2940 1096 3013 arboris
1134 2956 1318 3037 tangeret,

204 3071 361 3142 eamque
389 3072 500 3119 manu
530 3048 682 3145 capiens
701 3046 873 3119 facillime
893 3046 1087 3120 inclinaret
1114 3047 1162 3118 ad
1191 3063 1318 3118 terras.

131 3177 172 3242 25
204 3153 252 3224 Et
280 3179 410 3226 revera
438 3153 490 3225 sie
519 3171 642 3227 actum
671 3171 737 3231 est.
770 3179 853 3225 cum
878 3153 1051 3226 dominus
1071 3151 1319 3234 Innocentius,

205 3260 313 3333 arbor
342 3262 377 3332 in
407 3262 548 3333 mundo
566 3260 750 3335 excelsior
768 3279 807 3333 et
826 3261 1027 3341 sublimior,
1050 3261 1129 3333 eius
1153 3260 1320 3356 petitioni

205 3386 243 3439 et
268 3368 450 3441 voluntati
479 3394 519 3441 se
548 3384 623 3441 tam
652 3368 921 3465 benignissime
949 3366 1148 3444 inclinavit.

279 3594 337 3644 1-4.
356 3578 402 3632 AS
419 3590 449 3631 ut
468 3578 604 3646 gloriosus
623 3578 716 3642 doctr,
727 3577 846 3631 affluent.
859 3594 966 3649 quoque
979 3594 1070 3641 serm,
1085 3576 1250 3631 clarissimus
1264 3577 1322 3629 zelo

206 3658 263 3710 iust.
279 3674 339 3711 curn
357 3656 419 3711 fidei
434 3657 523 3711 cultus
539 3674 600 3710 eam
616 3657 743 3727 poscebat
818 3675 840 3727 3.
855 3659 884 3712 H
896 3656 1031 3711 christiani
1105 3674 1128 3722 4.
1143 3658 1228 3711 Eom.
1243 3673 1322 3709 causa

209 3738 278 3805 5.05
290 3737 464 3808 cognovisset
535 3735 560 3790 6.
576 3737 612 3791 Os
625 3735 751 3791 effectum
802 3738 831 3790 H
848 3736 976 3791 effectum
996 3753 1160 3808 prosequens
1199 3737 1243 3790 AS
1261 3753 1324 3807 pro·

205 3820 358 3888 sequentiae
432 3833 455 3888 7.
469 3818 514 3872 AS
526 3818 673 3871 cohortans
722 3818 904 3873 Rexhonans
918 3834 973 3883 eos,
988 3834 1103 3871 monens
1180 3833 1219 3870 ro.
1236 3819 1323 3869 omni-

206 3897 265 3967 bus]
283 3898 494 3952 Oxhominibus
570 3896 842 3966 11.enim]Retiam
918 3897 1224 3968 12.Pmultiplicaverit
1239 3898 1325 3968 gratia

208 3979 330 4033 Homer
406 3995 446 4049 ¹3·
465 3977 500 4031 W
510 3979 623 4049 plurima
699 3993 738 4044 ¹4·
758 3980 779 4031 B
798 3996 847 4033 om.
866 3978 943 4031 Visio
999 3977 1112 4047 erarJH
1123 3977 1176 4030 ibat
1230 3977 1323 4047 beato]

207 4056 729 4125 AS,E,Os,Ox,'R,Wsancto;M
743 4058 857 4112 domino
923 4060 1164 4127 15.eum]Rcum
1229 4056 1324 4112 16.οχ

207 4137 342 4193 beneficus
429 4155 469 4208 17.
482 4139 544 4208 sibi]
559 4139 613 4204 AS,
629 4139 665 4193 Os
681 4138 706 4191 ei
793 4139 887 4208 17-18.
909 4140 943 4191 Os
962 4138 1035 4208 quod
1055 4154 1103 4208 per
1122 4137 1233 4207 quamd.
1252 4138 1324 4190 viam

208 4218 354 4273 ambularet
431 4220 513 4291 19.H
524 4218 637 4291 pulchra
654 4229 711 4271 erat
726 4232 752 4272 et
826 4219 962 4287 zodum]
981 4220 1094 4272 Oscum
1169 4218 1325 4285 22-23.As

206 4307 254 4352 om.
273 4299 565 4354 subito-altitudinem
638 4315 680 4364 24.
697 4299 732 4353 Os
747 4298 872 4351 manibus
927 4298 984 4363 AS,
999 4298 1040 4363 H,
1057 4298 1105 4362 Os,
1122 4297 1177 4362 Ox,
1194 4299 1213 4352 R
1227 4310 1324 4351 terram

211 4382 407 4448 anoe

632 4481 896 4490 -——0—
