<?xml version="1.0" encoding="UTF-8"?>
<!DOCTYPE html PUBLIC "-//W3C//DTD XHTML 1.0 Transitional//EN"
    "http://www.w3.org/TR/xhtml1/DTD/xhtml1-transitional.dtd">
<html xmlns="http://www.w3.org/1999/xhtml" xml:lang="en" lang="en">
 <head>
  <title>
</title>
<meta http-equiv="Content-Type" content="text/html;charset=utf-8" />
  <meta name='ocr-system' content='tesseract 3.04.00' />
  <meta name='ocr-capabilities' content='ocr_page ocr_carea ocr_par ocr_line ocrx_word'/>
</head>
<body>
  <div class='ocr_page' id='page_1' title='image "./sfrancisciassis00dogoog_0514.png"; bbox 0 0 3142 4875; ppageno 0'>
   <div class='ocr_carea' id='block_1_1' title="bbox 271 308 1087 393">
    <p class='ocr_par' dir='ltr' id='par_1_1' title="bbox 271 308 1087 393">
     <span class='ocr_line' id='line_1_1' title="bbox 271 308 1087 393; baseline 0.005 -19"><span class='ocrx_word' id='word_1_1' title='bbox 271 308 349 393; x_wconf 84' lang='lat'>416</span> <span class='ocrx_word' id='word_1_2' title='bbox 579 330 788 379; x_wconf 71' lang='lat' dir='ltr'>Tune‘raws</span> <span class='ocrx_word' id='word_1_3' title='bbox 818 331 864 378; x_wconf 81' lang='lat' dir='ltr'>DE</span> <span class='ocrx_word' id='word_1_4' title='bbox 893 331 1087 378; x_wconf 73' lang='lat' dir='ltr'>Mfflnct&#39;tis</span> 
     </span>
    </p>
   </div>
   <div class='ocr_carea' id='block_1_2' title="bbox 268 561 1392 878">
    <p class='ocr_par' dir='ltr' id='par_1_2' title="bbox 268 561 1392 878">
     <span class='ocr_line' id='line_1_2' title="bbox 268 561 1391 662; baseline 0.003 -28"><span class='ocrx_word' id='word_1_5' title='bbox 268 561 407 645; x_wconf 88' lang='lat' dir='ltr'>valens,</span> <span class='ocrx_word' id='word_1_6' title='bbox 430 562 667 636; x_wconf 82' lang='lat' dir='ltr'>volutabatur</span> <span class='ocrx_word' id='word_1_7' title='bbox 686 588 770 637; x_wconf 88' lang='lat' dir='ltr'>cum</span> <span class='ocrx_word' id='word_1_8' title='bbox 791 564 936 636; x_wconf 79' lang='lat' dir='ltr'><strong>fremitu</strong></span> <span class='ocrx_word' id='word_1_9' title='bbox 963 590 1076 662; x_wconf 86' lang='lat' dir='ltr'>super</span> <span class='ocrx_word' id='word_1_10' title='bbox 1094 583 1240 637; x_wconf 89' lang='lat' dir='ltr'>terram.</span> <span class='ocrx_word' id='word_1_11' title='bbox 1300 562 1391 637; x_wconf 91' lang='lat' dir='ltr'>San·</span> 
     </span>
     <span class='ocr_line' id='line_1_3' title="bbox 270 669 1392 770; baseline 0.001 -28"><span class='ocrx_word' id='word_1_12' title='bbox 270 687 352 743; x_wconf 87' lang='lat' dir='ltr'>ctus</span> <span class='ocrx_word' id='word_1_13' title='bbox 371 669 444 744; x_wconf 91' lang='lat' dir='ltr'>Dei</span> <span class='ocrx_word' id='word_1_14' title='bbox 464 670 568 743; x_wconf 87' lang='lat' dir='ltr'>exire</span> <span class='ocrx_word' id='word_1_15' title='bbox 587 673 810 744; x_wconf 89' lang='lat' dir='ltr'>daemonem</span> <span class='ocrx_word' id='word_1_16' title='bbox 832 696 900 768; x_wconf 90' lang='lat' dir='ltr'>per</span> <span class='ocrx_word' id='word_1_17' title='bbox 914 672 1165 746; x_wconf 85' lang='lat' dir='ltr'>obedientiam</span> <span class='ocrx_word' id='word_1_18' title='bbox 1182 671 1392 770; x_wconf 83' lang='lat' dir='ltr'>imperavit.</span> 
     </span>
     <span class='ocr_line' id='line_1_4' title="bbox 269 777 1388 878; baseline 0.001 -29"><span class='ocrx_word' id='word_1_19' title='bbox 269 777 344 872; x_wconf 85' lang='lat' dir='ltr'>Qui</span> <span class='ocrx_word' id='word_1_20' title='bbox 374 778 497 851; x_wconf 90' lang='lat' dir='ltr'>statim</span> <span class='ocrx_word' id='word_1_21' title='bbox 527 779 728 877; x_wconf 84' lang='lat' dir='ltr'>egrediens</span> <span class='ocrx_word' id='word_1_22' title='bbox 756 779 978 851; x_wconf 88' lang='lat' dir='ltr'>incolumem</span> <span class='ocrx_word' id='word_1_23' title='bbox 1009 778 1201 853; x_wconf 89' lang='lat' dir='ltr'>mulierem</span> <span class='ocrx_word' id='word_1_24' title='bbox 1229 779 1388 878; x_wconf 91' lang='lat' dir='ltr'>reliquit.</span> 
     </span>
    </p>
   </div>
   <div class='ocr_carea' id='block_1_3' title="bbox 452 1188 1203 1308">
    <p class='ocr_par' dir='ltr' id='par_1_3' title="bbox 452 1188 1203 1308">
     <span class='ocr_line' id='line_1_5' title="bbox 452 1188 1203 1308; baseline -0.001 -47"><span class='ocrx_word' id='word_1_25' title='bbox 452 1190 513 1261; x_wconf 85' lang='lat' dir='ltr'>De</span> <span class='ocrx_word' id='word_1_26' title='bbox 538 1189 734 1260; x_wconf 62' lang='lat' dir='ltr'>contracte}</span> <span class='ocrx_word' id='word_1_27' title='bbox 760 1201 795 1259; x_wconf 79' lang='lat' dir='ltr'>ct</span> <span class='ocrx_word' id='word_1_28' title='bbox 820 1188 1026 1282; x_wconf 76' lang='lat' dir='ltr'>confractis.</span> <span class='ocrx_word' id='word_1_29' title='bbox 1084 1188 1203 1308; x_wconf 72' lang='lat' dir='ltr'>Xllll.</span> 
     </span>
    </p>
   </div>
   <div class='ocr_carea' id='block_1_4' title="bbox 255 1409 1469 4290">
    <p class='ocr_par' dir='ltr' id='par_1_4' title="bbox 260 1409 1465 2790">
     <span class='ocr_line' id='line_1_6' title="bbox 352 1409 1440 1503; baseline 0.004 -21"><span class='ocrx_word' id='word_1_30' title='bbox 352 1430 436 1503; x_wconf 84' lang='lat'>157.</span> <span class='ocrx_word' id='word_1_31' title='bbox 468 1411 508 1481; x_wconf 95' lang='lat' dir='ltr'>ln</span> <span class='ocrx_word' id='word_1_32' title='bbox 524 1409 702 1483; x_wconf 89' lang='lat' dir='ltr'>comitatu</span> <span class='ocrx_word' id='word_1_33' title='bbox 720 1409 910 1483; x_wconf 86' lang='lat' dir='ltr'>Parmensi</span> <span class='ocrx_word' id='word_1_34' title='bbox 931 1428 1039 1483; x_wconf 90' lang='lat' dir='ltr'>natus</span> <span class='ocrx_word' id='word_1_35' title='bbox 1053 1426 1110 1483; x_wconf 89' lang='lat' dir='ltr'>est</span> <span class='ocrx_word' id='word_1_36' title='bbox 1130 1412 1275 1484; x_wconf 91' lang='lat' dir='ltr'>cuidam</span> <span class='ocrx_word' id='word_1_37' title='bbox 1291 1412 1389 1486; x_wconf 86' lang='lat' dir='ltr'>filius</span> <span class='ocrx_word' id='word_1_38' title='bbox 1421 1434 1440 1498; x_wconf 87' lang='lat'>5</span> 
     </span>
     <span class='ocr_line' id='line_1_7' title="bbox 266 1515 1388 1614; baseline 0.003 -25"><span class='ocrx_word' id='word_1_39' title='bbox 266 1515 328 1614; x_wconf 92' lang='lat' dir='ltr'>qui</span> <span class='ocrx_word' id='word_1_40' title='bbox 358 1518 494 1614; x_wconf 92' lang='lat' dir='ltr'>pedem</span> <span class='ocrx_word' id='word_1_41' title='bbox 524 1517 687 1590; x_wconf 89' lang='lat' dir='ltr'>habebat</span> <span class='ocrx_word' id='word_1_42' title='bbox 715 1533 978 1601; x_wconf 85' lang='lat' dir='ltr'>transversum,</span> <span class='ocrx_word' id='word_1_43' title='bbox 1011 1519 1225 1591; x_wconf 83' lang='lat' dir='ltr'><strong>calcaneum</strong></span> <span class='ocrx_word' id='word_1_44' title='bbox 1246 1518 1388 1592; x_wconf 90' lang='lat' dir='ltr'>scilicet</span> 
     </span>
     <span class='ocr_line' id='line_1_8' title="bbox 265 1622 1387 1723; baseline 0.003 -26"><span class='ocrx_word' id='word_1_45' title='bbox 265 1641 353 1697; x_wconf 89' lang='lat' dir='ltr'>ante</span> <span class='ocrx_word' id='word_1_46' title='bbox 381 1641 420 1697; x_wconf 91' lang='lat' dir='ltr'>et</span> <span class='ocrx_word' id='word_1_47' title='bbox 446 1622 633 1721; x_wconf 83' lang='lat' dir='ltr'>posterius</span> <span class='ocrx_word' id='word_1_48' title='bbox 661 1624 811 1721; x_wconf 79' lang='lat' dir='ltr'>digitos</span> <span class='ocrx_word' id='word_1_49' title='bbox 870 1623 961 1697; x_wconf 90' lang='lat' dir='ltr'>Erat</span> <span class='ocrx_word' id='word_1_50' title='bbox 989 1625 1103 1697; x_wconf 94' lang='lat' dir='ltr'>homo</span> <span class='ocrx_word' id='word_1_51' title='bbox 1134 1651 1286 1723; x_wconf 83' lang='lat' dir='ltr'>pauper,</span> <span class='ocrx_word' id='word_1_52' title='bbox 1318 1628 1387 1700; x_wconf 90' lang='lat' dir='ltr'>sed</span> 
     </span>
     <span class='ocr_line' id='line_1_9' title="bbox 266 1729 1386 1829; baseline 0.003 -26"><span class='ocrx_word' id='word_1_53' title='bbox 266 1749 398 1804; x_wconf 89' lang='lat' dir='ltr'>sancto</span> <span class='ocrx_word' id='word_1_54' title='bbox 426 1729 627 1804; x_wconf 88' lang='lat' dir='ltr'>Francisco</span> <span class='ocrx_word' id='word_1_55' title='bbox 656 1732 825 1803; x_wconf 90' lang='lat' dir='ltr'>devotus.</span> <span class='ocrx_word' id='word_1_56' title='bbox 884 1730 1197 1828; x_wconf 86' lang='lat' dir='ltr'>Conquerebatur</span> <span class='ocrx_word' id='word_1_57' title='bbox 1219 1733 1386 1829; x_wconf 84' lang='lat' dir='ltr'>quotidie</span> 
     </span>
     <span class='ocr_line' id='line_1_10' title="bbox 264 1837 1385 1934; baseline 0.002 -23"><span class='ocrx_word' id='word_1_58' title='bbox 264 1855 394 1911; x_wconf 91' lang='lat' dir='ltr'>sancto</span> <span class='ocrx_word' id='word_1_59' title='bbox 423 1837 623 1912; x_wconf 88' lang='lat' dir='ltr'>Francisco</span> <span class='ocrx_word' id='word_1_60' title='bbox 653 1839 701 1910; x_wconf 90' lang='lat' dir='ltr'>de</span> <span class='ocrx_word' id='word_1_61' title='bbox 729 1837 803 1910; x_wconf 86' lang='lat' dir='ltr'>filio</span> <span class='ocrx_word' id='word_1_62' title='bbox 831 1837 879 1910; x_wconf 92' lang='lat' dir='ltr'>ad</span> <span class='ocrx_word' id='word_1_63' title='bbox 898 1837 1140 1934; x_wconf 90' lang='lat' dir='ltr'>opprobrium</span> <span class='ocrx_word' id='word_1_64' title='bbox 1161 1854 1260 1924; x_wconf 87' lang='lat' dir='ltr'>natu,</span> <span class='ocrx_word' id='word_1_65' title='bbox 1291 1866 1385 1913; x_wconf 91' lang='lat' dir='ltr'>sem·</span> 
     </span>
     <span class='ocr_line' id='line_1_11' title="bbox 264 1945 1465 2043; baseline -0.004 -25"><span class='ocrx_word' id='word_1_66' title='bbox 264 1970 331 2042; x_wconf 91' lang='lat' dir='ltr'>per</span> <span class='ocrx_word' id='word_1_67' title='bbox 358 1970 463 2018; x_wconf 90' lang='lat' dir='ltr'>suam</span> <span class='ocrx_word' id='word_1_68' title='bbox 492 1969 705 2042; x_wconf 85' lang='lat' dir='ltr'>exagerans</span> <span class='ocrx_word' id='word_1_69' title='bbox 732 1961 1005 2042; x_wconf 88' lang='lat' dir='ltr'>paupertatem.</span> <span class='ocrx_word' id='word_1_70' title='bbox 1062 1945 1233 2043; x_wconf 86' lang='lat' dir='ltr'>Cumque</span> <span class='ocrx_word' id='word_1_71' title='bbox 1259 1964 1385 2021; x_wconf 90' lang='lat' dir='ltr'>mente</span> <span class='ocrx_word' id='word_1_72' title='bbox 1421 1969 1465 2014; x_wconf 91' lang='lat'>10</span> 
     </span>
     <span class='ocr_line' id='line_1_12' title="bbox 263 2052 1384 2149; baseline 0.004 -25"><span class='ocrx_word' id='word_1_73' title='bbox 263 2068 438 2126; x_wconf 87' lang='lat' dir='ltr'>tractaret</span> <span class='ocrx_word' id='word_1_74' title='bbox 475 2052 601 2125; x_wconf 90' lang='lat' dir='ltr'>tenelli</span> <span class='ocrx_word' id='word_1_75' title='bbox 638 2052 742 2149; x_wconf 87' lang='lat' dir='ltr'>pueri</span> <span class='ocrx_word' id='word_1_76' title='bbox 781 2053 916 2148; x_wconf 89' lang='lat' dir='ltr'>pedem</span> <span class='ocrx_word' id='word_1_77' title='bbox 952 2052 1001 2125; x_wconf 89' lang='lat' dir='ltr'>ad</span> <span class='ocrx_word' id='word_1_78' title='bbox 1039 2053 1234 2126; x_wconf 87' lang='lat' dir='ltr'>decentem</span> <span class='ocrx_word' id='word_1_79' title='bbox 1271 2053 1384 2128; x_wconf 92' lang='lat' dir='ltr'>situm</span> 
     </span>
     <span class='ocr_line' id='line_1_13' title="bbox 263 2158 1385 2261; baseline 0.003 -29"><span class='ocrx_word' id='word_1_80' title='bbox 263 2161 442 2233; x_wconf 88' lang='lat' dir='ltr'>reducere</span> <span class='ocrx_word' id='word_1_81' title='bbox 470 2158 661 2242; x_wconf 90' lang='lat' dir='ltr'>violenter,</span> <span class='ocrx_word' id='word_1_82' title='bbox 684 2158 915 2231; x_wconf 92' lang='lat' dir='ltr'>concedente</span> <span class='ocrx_word' id='word_1_83' title='bbox 936 2159 1088 2261; x_wconf 82' lang='lat' dir='ltr'>nutrice,</span> <span class='ocrx_word' id='word_1_84' title='bbox 1119 2176 1289 2257; x_wconf 90' lang='lat' dir='ltr'>tempore</span> <span class='ocrx_word' id='word_1_85' title='bbox 1307 2186 1385 2258; x_wconf 94' lang='lat' dir='ltr'>quo</span> 
     </span>
     <span class='ocr_line' id='line_1_14' title="bbox 263 2265 1384 2364; baseline 0.002 -25"><span class='ocrx_word' id='word_1_86' title='bbox 263 2268 300 2339; x_wconf 93' lang='lat' dir='ltr'>in</span> <span class='ocrx_word' id='word_1_87' title='bbox 337 2266 472 2340; x_wconf 92' lang='lat' dir='ltr'>balneo</span> <span class='ocrx_word' id='word_1_88' title='bbox 508 2265 612 2363; x_wconf 90' lang='lat' dir='ltr'>pueri</span> <span class='ocrx_word' id='word_1_89' title='bbox 652 2266 820 2339; x_wconf 86' lang='lat' dir='ltr'>membra</span> <span class='ocrx_word' id='word_1_90' title='bbox 856 2265 1125 2348; x_wconf 84' lang='lat' dir='ltr'>mollescerent,</span> <span class='ocrx_word' id='word_1_91' title='bbox 1160 2267 1232 2339; x_wconf 89' lang='lat' dir='ltr'>hoc</span> <span class='ocrx_word' id='word_1_92' title='bbox 1260 2266 1384 2364; x_wconf 93' lang='lat' dir='ltr'>ipsum</span> 
     </span>
     <span class='ocr_line' id='line_1_15' title="bbox 262 2372 1384 2471; baseline 0.003 -24"><span class='ocrx_word' id='word_1_93' title='bbox 262 2375 385 2447; x_wconf 85' lang='lat' dir='ltr'>lacere</span> <span class='ocrx_word' id='word_1_94' title='bbox 421 2373 654 2471; x_wconf 88' lang='lat' dir='ltr'>disponebat.</span> <span class='ocrx_word' id='word_1_95' title='bbox 727 2372 868 2446; x_wconf 88' lang='lat' dir='ltr'>Verum</span> <span class='ocrx_word' id='word_1_96' title='bbox 907 2391 1108 2470; x_wconf 88' lang='lat' dir='ltr'>antequam</span> <span class='ocrx_word' id='word_1_97' title='bbox 1146 2374 1241 2448; x_wconf 81' lang='lat' dir='ltr'>foret</span> <span class='ocrx_word' id='word_1_98' title='bbox 1278 2392 1384 2451; x_wconf 88' lang='lat' dir='ltr'>tanta</span> 
     </span>
     <span class='ocr_line' id='line_1_16' title="bbox 262 2481 1456 2576; baseline 0.002 -22"><span class='ocrx_word' id='word_1_99' title='bbox 262 2482 452 2554; x_wconf 87' lang='lat' dir='ltr'>temeritas</span> <span class='ocrx_word' id='word_1_100' title='bbox 486 2498 680 2558; x_wconf 86' lang='lat' dir='ltr'>attentata.</span> <span class='ocrx_word' id='word_1_101' title='bbox 721 2506 805 2553; x_wconf 93' lang='lat' dir='ltr'>cum</span> <span class='ocrx_word' id='word_1_102' title='bbox 843 2505 935 2576; x_wconf 91' lang='lat' dir='ltr'>puer</span> <span class='ocrx_word' id='word_1_103' title='bbox 971 2481 1134 2555; x_wconf 86' lang='lat' dir='ltr'>alascia</span> <span class='ocrx_word' id='word_1_104' title='bbox 1162 2481 1380 2567; x_wconf 89' lang='lat' dir='ltr'>solveretur,</span> <span class='ocrx_word' id='word_1_105' title='bbox 1422 2506 1456 2565; x_wconf 82' lang='lat'>¹5</span> 
     </span>
     <span class='ocr_line' id='line_1_17' title="bbox 260 2586 1383 2674; baseline 0.004 -15"><span class='ocrx_word' id='word_1_106' title='bbox 260 2588 377 2660; x_wconf 89' lang='lat' dir='ltr'>sancti</span> <span class='ocrx_word' id='word_1_107' title='bbox 407 2587 594 2660; x_wconf 90' lang='lat' dir='ltr'>Francisci</span> <span class='ocrx_word' id='word_1_108' title='bbox 625 2586 765 2661; x_wconf 90' lang='lat' dir='ltr'>meritis</span> <span class='ocrx_word' id='word_1_109' title='bbox 802 2586 854 2659; x_wconf 90' lang='lat' dir='ltr'>ita</span> <span class='ocrx_word' id='word_1_110' title='bbox 889 2587 1060 2660; x_wconf 91' lang='lat' dir='ltr'>inventus</span> <span class='ocrx_word' id='word_1_111' title='bbox 1098 2605 1155 2661; x_wconf 92' lang='lat' dir='ltr'>est</span> <span class='ocrx_word' id='word_1_112' title='bbox 1183 2613 1305 2674; x_wconf 71' lang='lat' dir='ltr'>sanus</span> <span class='ocrx_word' id='word_1_113' title='bbox 1337 2616 1383 2664; x_wconf 91' lang='lat' dir='ltr'>ac</span> 
     </span>
     <span class='ocr_line' id='line_1_18' title="bbox 260 2693 1164 2790; baseline 0 -24"><span class='ocrx_word' id='word_1_114' title='bbox 260 2696 289 2767; x_wconf 92' lang='lat' dir='ltr'>si</span> <span class='ocrx_word' id='word_1_115' title='bbox 321 2694 456 2767; x_wconf 91' lang='lat' dir='ltr'>nullam</span> <span class='ocrx_word' id='word_1_116' title='bbox 477 2693 736 2767; x_wconf 88' lang='lat' dir='ltr'>enormitatem</span> <span class='ocrx_word' id='word_1_117' title='bbox 766 2694 936 2790; x_wconf 88' lang='lat' dir='ltr'>primitus</span> <span class='ocrx_word' id='word_1_118' title='bbox 964 2695 1164 2768; x_wconf 88' lang='lat' dir='ltr'>habuisset.</span> 
     </span>
    </p>

    <p class='ocr_par' dir='ltr' id='par_1_5' title="bbox 255 2801 1469 4290">
     <span class='ocr_line' id='line_1_19' title="bbox 347 2801 1379 2898; baseline 0.003 -25"><span class='ocrx_word' id='word_1_119' title='bbox 347 2804 428 2893; x_wconf 84' lang='lat'>158.</span> <span class='ocrx_word' id='word_1_120' title='bbox 460 2801 573 2897; x_wconf 84' lang='lat' dir='ltr'>Apud</span> <span class='ocrx_word' id='word_1_121' title='bbox 596 2801 811 2898; x_wconf 88' lang='lat' dir='ltr'>Scopletum</span> <span class='ocrx_word' id='word_1_122' title='bbox 837 2802 872 2874; x_wconf 92' lang='lat' dir='ltr'>in</span> <span class='ocrx_word' id='word_1_123' title='bbox 892 2802 1101 2883; x_wconf 78' lang='lat' dir='ltr'>Amiterno,</span> <span class='ocrx_word' id='word_1_124' title='bbox 1122 2802 1178 2874; x_wconf 91' lang='lat' dir='ltr'>vir</span> <span class='ocrx_word' id='word_1_125' title='bbox 1205 2819 1244 2875; x_wconf 89' lang='lat' dir='ltr'>et</span> <span class='ocrx_word' id='word_1_126' title='bbox 1273 2830 1379 2888; x_wconf 89' lang='lat' dir='ltr'>uxor,</span> 
     </span>
     <span class='ocr_line' id='line_1_20' title="bbox 260 2908 1380 3006; baseline 0.002 -25"><span class='ocrx_word' id='word_1_127' title='bbox 260 2909 408 2981; x_wconf 92' lang='lat' dir='ltr'>unicum</span> <span class='ocrx_word' id='word_1_128' title='bbox 438 2909 619 2981; x_wconf 88' lang='lat' dir='ltr'>habentes</span> <span class='ocrx_word' id='word_1_129' title='bbox 655 2908 779 2991; x_wconf 80' lang='lat' dir='ltr'>filium,</span> <span class='ocrx_word' id='word_1_130' title='bbox 813 2908 979 3006; x_wconf 91' lang='lat' dir='ltr'>quotidie</span> <span class='ocrx_word' id='word_1_131' title='bbox 1014 2910 1114 2983; x_wconf 92' lang='lat' dir='ltr'>illum</span> <span class='ocrx_word' id='word_1_132' title='bbox 1148 2912 1249 2983; x_wconf 94' lang='lat' dir='ltr'>velut</span> <span class='ocrx_word' id='word_1_133' title='bbox 1278 2911 1380 2983; x_wconf 90' lang='lat' dir='ltr'>here·</span> 
     </span>
     <span class='ocr_line' id='line_1_21' title="bbox 259 3014 1457 3112; baseline 0.003 -24"><span class='ocrx_word' id='word_1_134' title='bbox 259 3016 431 3089; x_wconf 91' lang='lat' dir='ltr'>ditarium</span> <span class='ocrx_word' id='word_1_135' title='bbox 449 3014 691 3111; x_wconf 90' lang='lat' dir='ltr'>opprobrium</span> <span class='ocrx_word' id='word_1_136' title='bbox 711 3014 966 3112; x_wconf 84' lang='lat' dir='ltr'>deplorabant.</span> <span class='ocrx_word' id='word_1_137' title='bbox 1025 3016 1110 3089; x_wconf 92' lang='lat' dir='ltr'>Non</span> <span class='ocrx_word' id='word_1_138' title='bbox 1134 3016 1232 3090; x_wconf 92' lang='lat' dir='ltr'>enim</span> <span class='ocrx_word' id='word_1_139' title='bbox 1254 3018 1378 3105; x_wconf 90' lang='lat' dir='ltr'>hom0,</span> <span class='ocrx_word' id='word_1_140' title='bbox 1414 3038 1457 3084; x_wconf 90' lang='lat'>20</span> 
     </span>
     <span class='ocr_line' id='line_1_22' title="bbox 259 3123 1381 3222; baseline 0.002 -27"><span class='ocrx_word' id='word_1_141' title='bbox 259 3125 325 3195; x_wconf 89' lang='lat' dir='ltr'>sed</span> <span class='ocrx_word' id='word_1_142' title='bbox 356 3139 561 3195; x_wconf 90' lang='lat' dir='ltr'>monstrum</span> <span class='ocrx_word' id='word_1_143' title='bbox 590 3124 780 3217; x_wconf 93' lang='lat' dir='ltr'>quoddam</span> <span class='ocrx_word' id='word_1_144' title='bbox 810 3123 934 3219; x_wconf 90' lang='lat' dir='ltr'>potius</span> <span class='ocrx_word' id='word_1_145' title='bbox 963 3124 1166 3207; x_wconf 86' lang='lat' dir='ltr'>videbatur,</span> <span class='ocrx_word' id='word_1_146' title='bbox 1189 3150 1272 3197; x_wconf 92' lang='lat' dir='ltr'>cum</span> <span class='ocrx_word' id='word_1_147' title='bbox 1299 3151 1381 3222; x_wconf 92' lang='lat' dir='ltr'>per·</span> 
     </span>
     <span class='ocr_line' id='line_1_23' title="bbox 259 3229 1380 3329; baseline 0.004 -28"><span class='ocrx_word' id='word_1_148' title='bbox 259 3256 368 3302; x_wconf 89' lang='lat' dir='ltr'>verso</span> <span class='ocrx_word' id='word_1_149' title='bbox 388 3246 542 3303; x_wconf 88' lang='lat' dir='ltr'>naturae</span> <span class='ocrx_word' id='word_1_150' title='bbox 562 3229 693 3301; x_wconf 90' lang='lat' dir='ltr'>ordine</span> <span class='ocrx_word' id='word_1_151' title='bbox 711 3230 898 3302; x_wconf 89' lang='lat' dir='ltr'>anteriora</span> <span class='ocrx_word' id='word_1_152' title='bbox 919 3231 1084 3304; x_wconf 89' lang='lat' dir='ltr'>membra</span> <span class='ocrx_word' id='word_1_153' title='bbox 1113 3232 1235 3304; x_wconf 78' lang='lat' dir='ltr'>forent</span> <span class='ocrx_word' id='word_1_154' title='bbox 1257 3249 1380 3329; x_wconf 90' lang='lat' dir='ltr'>poste-</span> 
     </span>
     <span class='ocr_line' id='line_1_24' title="bbox 259 3335 1377 3432; baseline 0.003 -23"><span class='ocrx_word' id='word_1_155' title='bbox 259 3335 334 3410; x_wconf 87' lang='lat' dir='ltr'>rius</span> <span class='ocrx_word' id='word_1_156' title='bbox 372 3338 557 3409; x_wconf 90' lang='lat' dir='ltr'>devoluta.</span> <span class='ocrx_word' id='word_1_157' title='bbox 630 3336 797 3408; x_wconf 86' lang='lat' dir='ltr'>Brachiis</span> <span class='ocrx_word' id='word_1_158' title='bbox 836 3335 1018 3432; x_wconf 88' lang='lat' dir='ltr'>siquidem</span> <span class='ocrx_word' id='word_1_159' title='bbox 1061 3339 1156 3410; x_wconf 91' lang='lat' dir='ltr'>collo</span> <span class='ocrx_word' id='word_1_160' title='bbox 1185 3340 1377 3423; x_wconf 84' lang='lat' dir='ltr'>connexis,</span> 
     </span>
     <span class='ocr_line' id='line_1_25' title="bbox 259 3443 1379 3540; baseline 0.004 -25"><span class='ocrx_word' id='word_1_161' title='bbox 259 3444 467 3540; x_wconf 91' lang='lat' dir='ltr'>iunctisque</span> <span class='ocrx_word' id='word_1_162' title='bbox 498 3444 668 3516; x_wconf 88' lang='lat' dir='ltr'>manibus</span> <span class='ocrx_word' id='word_1_163' title='bbox 696 3443 849 3540; x_wconf 88' lang='lat' dir='ltr'>pectori,</span> <span class='ocrx_word' id='word_1_164' title='bbox 872 3462 909 3515; x_wconf 91' lang='lat' dir='ltr'>et</span> <span class='ocrx_word' id='word_1_165' title='bbox 929 3444 1086 3540; x_wconf 89' lang='lat' dir='ltr'>pedibus</span> <span class='ocrx_word' id='word_1_166' title='bbox 1106 3444 1276 3519; x_wconf 90' lang='lat' dir='ltr'>manibus</span> <span class='ocrx_word' id='word_1_167' title='bbox 1304 3448 1379 3519; x_wconf 89' lang='lat' dir='ltr'>alli·</span> 
     </span>
     <span class='ocr_line' id='line_1_26' title="bbox 257 3551 1451 3652; baseline -0.004 -28"><span class='ocrx_word' id='word_1_168' title='bbox 257 3552 367 3649; x_wconf 83' lang='lat' dir='ltr'>gatis,</span> <span class='ocrx_word' id='word_1_169' title='bbox 399 3553 534 3649; x_wconf 85' lang='lat' dir='ltr'>globus</span> <span class='ocrx_word' id='word_1_170' title='bbox 562 3551 789 3652; x_wconf 74' lang='lat' dir='ltr'>apparebat,</span> <span class='ocrx_word' id='word_1_171' title='bbox 813 3552 921 3645; x_wconf 92' lang='lat' dir='ltr'>[non]</span> <span class='ocrx_word' id='word_1_172' title='bbox 951 3552 1092 3625; x_wconf 92' lang='lat' dir='ltr'>bustus.</span> <span class='ocrx_word' id='word_1_173' title='bbox 1164 3553 1261 3625; x_wconf 89' lang='lat' dir='ltr'>Nam</span> <span class='ocrx_word' id='word_1_174' title='bbox 1291 3570 1329 3626; x_wconf 92' lang='lat' dir='ltr'>et</span> <span class='ocrx_word' id='word_1_175' title='bbox 1356 3581 1379 3627; x_wconf 90' lang='lat' dir='ltr'>a</span> <span class='ocrx_word' id='word_1_176' title='bbox 1411 3575 1451 3639; x_wconf 82' lang='lat'>25</span> 
     </span>
     <span class='ocr_line' id='line_1_27' title="bbox 256 3657 1378 3757; baseline 0.002 -26"><span class='ocrx_word' id='word_1_177' title='bbox 256 3677 453 3757; x_wconf 90' lang='lat' dir='ltr'>parentum</span> <span class='ocrx_word' id='word_1_178' title='bbox 482 3676 596 3754; x_wconf 89' lang='lat' dir='ltr'>atque</span> <span class='ocrx_word' id='word_1_179' title='bbox 625 3657 829 3730; x_wconf 91' lang='lat' dir='ltr'>vicinorum</span> <span class='ocrx_word' id='word_1_180' title='bbox 859 3658 1081 3754; x_wconf 76' lang='lat' dir='ltr'>aspectibus</span> <span class='ocrx_word' id='word_1_181' title='bbox 1106 3685 1151 3731; x_wconf 92' lang='lat' dir='ltr'>ne</span> <span class='ocrx_word' id='word_1_182' title='bbox 1173 3658 1271 3732; x_wconf 92' lang='lat' dir='ltr'>illum</span> <span class='ocrx_word' id='word_1_183' title='bbox 1302 3686 1378 3733; x_wconf 90' lang='lat' dir='ltr'>cer-</span> 
     </span>
     <span class='ocr_line' id='line_1_28' title="bbox 257 3764 1378 3863; baseline 0 -24"><span class='ocrx_word' id='word_1_184' title='bbox 257 3783 398 3850; x_wconf 90' lang='lat' dir='ltr'>nerent,</span> <span class='ocrx_word' id='word_1_185' title='bbox 439 3765 675 3849; x_wconf 85' lang='lat' dir='ltr'>amovebant,</span> <span class='ocrx_word' id='word_1_186' title='bbox 720 3765 810 3836; x_wconf 87' lang='lat' dir='ltr'>satis</span> <span class='ocrx_word' id='word_1_187' title='bbox 845 3764 976 3837; x_wconf 90' lang='lat' dir='ltr'>dolore</span> <span class='ocrx_word' id='word_1_188' title='bbox 1013 3766 1079 3838; x_wconf 89' lang='lat' dir='ltr'>sed</span> <span class='ocrx_word' id='word_1_189' title='bbox 1123 3767 1205 3863; x_wconf 90' lang='lat' dir='ltr'>plus</span> <span class='ocrx_word' id='word_1_190' title='bbox 1246 3769 1378 3841; x_wconf 92' lang='lat' dir='ltr'>erube·</span> 
     </span>
     <span class='ocr_line' id='line_1_29' title="bbox 256 3871 1378 3958; baseline 0 -12"><span class='ocrx_word' id='word_1_191' title='bbox 256 3872 397 3946; x_wconf 89' lang='lat' dir='ltr'>scentia</span> <span class='ocrx_word' id='word_1_192' title='bbox 431 3871 596 3944; x_wconf 88' lang='lat' dir='ltr'>sauciati.</span> <span class='ocrx_word' id='word_1_193' title='bbox 668 3871 828 3943; x_wconf 91' lang='lat' dir='ltr'>Proinde</span> <span class='ocrx_word' id='word_1_194' title='bbox 866 3873 931 3955; x_wconf 90' lang='lat' dir='ltr'>vir,</span> <span class='ocrx_word' id='word_1_195' title='bbox 962 3875 1090 3946; x_wconf 85' lang='lat' dir='ltr'>dolore</span> <span class='ocrx_word' id='word_1_196' title='bbox 1119 3873 1282 3958; x_wconf 85' lang='lat' dir='ltr'>affectus,</span> <span class='ocrx_word' id='word_1_197' title='bbox 1315 3899 1378 3947; x_wconf 89' lang='lat' dir='ltr'>ex·</span> 
     </span>
     <span class='ocr_line' id='line_1_30' title="bbox 255 3978 1378 4078; baseline 0.003 -26"><span class='ocrx_word' id='word_1_198' title='bbox 255 3980 458 4078; x_wconf 88' lang='lat' dir='ltr'>probrabat</span> <span class='ocrx_word' id='word_1_199' title='bbox 473 3980 577 4051; x_wconf 89' lang='lat' dir='ltr'>uxori</span> <span class='ocrx_word' id='word_1_200' title='bbox 594 3980 695 4075; x_wconf 94' lang='lat' dir='ltr'>quod</span> <span class='ocrx_word' id='word_1_201' title='bbox 708 4003 780 4050; x_wconf 92' lang='lat' dir='ltr'>non</span> <span class='ocrx_word' id='word_1_202' title='bbox 797 3978 892 4051; x_wconf 90' lang='lat' dir='ltr'>sicut</span> <span class='ocrx_word' id='word_1_203' title='bbox 907 3996 1077 4053; x_wconf 88' lang='lat' dir='ltr'>caeterae</span> <span class='ocrx_word' id='word_1_204' title='bbox 1094 3980 1267 4053; x_wconf 89' lang='lat' dir='ltr'>mulieres</span> <span class='ocrx_word' id='word_1_205' title='bbox 1282 3981 1378 4055; x_wconf 88' lang='lat' dir='ltr'>lilios</span> 
     </span>
     <span class='ocr_line' id='line_1_31' title="bbox 256 4087 1469 4183; baseline 0.005 -26"><span class='ocrx_word' id='word_1_206' title='bbox 256 4102 479 4181; x_wconf 88' lang='lat' dir='ltr'>procrearet,</span> <span class='ocrx_word' id='word_1_207' title='bbox 511 4088 577 4158; x_wconf 92' lang='lat' dir='ltr'>sed</span> <span class='ocrx_word' id='word_1_208' title='bbox 615 4103 781 4158; x_wconf 89' lang='lat' dir='ltr'>monstra</span> <span class='ocrx_word' id='word_1_209' title='bbox 818 4087 1002 4181; x_wconf 92' lang='lat' dir='ltr'>quaedam</span> <span class='ocrx_word' id='word_1_210' title='bbox 1042 4113 1139 4183; x_wconf 89' lang='lat' dir='ltr'>quae</span> <span class='ocrx_word' id='word_1_211' title='bbox 1172 4112 1241 4159; x_wconf 92' lang='lat' dir='ltr'>nec</span> <span class='ocrx_word' id='word_1_212' title='bbox 1269 4107 1379 4162; x_wconf 92' lang='lat' dir='ltr'>erant</span> <span class='ocrx_word' id='word_1_213' title='bbox 1411 4100 1469 4170; x_wconf 78' lang='lat'>30‘</span> 
     </span>
     <span class='ocr_line' id='line_1_32' title="bbox 255 4192 1377 4290; baseline 0.004 -26"><span class='ocrx_word' id='word_1_214' title='bbox 255 4192 476 4265; x_wconf 87' lang='lat' dir='ltr'>brutissimis</span> <span class='ocrx_word' id='word_1_215' title='bbox 505 4194 767 4290; x_wconf 88' lang='lat' dir='ltr'>comparanda,</span> <span class='ocrx_word' id='word_1_216' title='bbox 811 4207 990 4290; x_wconf 89' lang='lat' dir='ltr'>torquens</span> <span class='ocrx_word' id='word_1_217' title='bbox 1018 4195 1091 4267; x_wconf 92' lang='lat' dir='ltr'>Dei</span> <span class='ocrx_word' id='word_1_218' title='bbox 1121 4194 1296 4267; x_wconf 91' lang='lat' dir='ltr'>iudicium</span> <span class='ocrx_word' id='word_1_219' title='bbox 1327 4222 1377 4269; x_wconf 89' lang='lat' dir='ltr'>ex</span> 
     </span>
    </p>
   </div>
   <div class='ocr_carea' id='block_1_5' title="bbox 327 4438 577 4500">
    <p class='ocr_par' dir='ltr' id='par_1_6' title="bbox 327 4438 577 4500">
     <span class='ocr_line' id='line_1_33' title="bbox 327 4438 577 4500; baseline 0.016 -15"><span class='ocrx_word' id='word_1_220' title='bbox 327 4449 367 4500; x_wconf 81' lang='lat'>25.</span> <span class='ocrx_word' id='word_1_221' title='bbox 390 4438 418 4487; x_wconf 80' lang='lat' dir='ltr'>,ll</span> <span class='ocrx_word' id='word_1_222' title='bbox 437 4438 577 4489; x_wconf 87' lang='lat' dir='ltr'>umbustus</span> 
     </span>
    </p>
   </div>
   <div class='ocr_carea' id='block_1_6' title="bbox 0 0 1576 4875">
    <p class='ocr_par' dir='ltr' id='par_1_7' title="bbox 0 0 1576 4875">
     <span class='ocr_line' id='line_1_34' title="bbox 0 0 1576 4875; baseline 0 5"><span class='ocrx_word' id='word_1_223' title='bbox 0 0 1576 4875; x_wconf 95' lang='lat' dir='ltr'> </span> 
     </span>
    </p>
   </div>
  </div>
 </body>
</html>
