3142 4875
243 370 317 439 286
616 393 789 443 censitos
816 393 983 444 secunus

243 502 506 511 ——-——-

238 623 415 697 stantium
461 623 638 697 audiebat
684 623 883 720 magnalia.
959 622 1110 696 Accidit
1156 625 1359 720 quemdam

239 732 389 804 fratrem
427 730 632 804 Barbarum
670 731 831 813 nomine,
863 754 989 803 coram
1027 731 1191 827 quodam
1228 732 1360 828 [nobili

236 839 335 933 viro]
366 837 414 910 de
443 835 561 910 insula
591 836 717 935 Cypri,
740 838 857 909 semel
886 838 922 909 in
952 837 1104 910 fratrem
1137 838 1251 911 aliurn
1279 863 1360 911 ver·

238 945 326 1017 bum
363 943 500 1017 iactare
537 944 703 1021 iniuriae.
772 943 883 1040 Qu[i]
924 969 1008 1016 cum
1046 969 1095 1017 ex
1125 943 1244 1041 [verbi
1274 970 1360 1018 con·

238 1051 338 1123 flictu
358 1049 500 1123 laesum
520 1048 805 1148 aliquantulum]
831 1067 1002 1123 cerneret
1030 1052 1191 1133 fratrem,
1214 1050 1360 1125 asinino
1391 1080 1410 1145 ς

238 1175 404 1231 stercore
437 1174 597 1253 sumpto,
628 1156 664 1229 in
694 1156 830 1231 suimet
863 1182 1045 1230 accensus
1071 1159 1274 1232 vindictam
1304 1159 1359 1232 ori

239 1263 391 1362 proprio
413 1264 535 1360 [illud]
558 1265 828 1337 conterendum
854 1263 1018 1337 immittit
1037 1263 1184 1338 dicens:
1207 1264 1361 1339 Stercus

239 1370 497 1444 commasticet
524 1372 663 1468 lingua,
691 1396 790 1468 quae
818 1372 853 1443 in
884 1371 1035 1444 fratrem
1064 1398 1189 1445 meum
1219 1372 1360 1445 iracun-

239 1478 324 1551 diae
344 1502 529 1551 venenum
559 1477 696 1549 effudit.
754 1476 955 1573 Aspiciens
982 1478 1054 1552 hoc
1082 1478 1187 1552 miles
1206 1494 1359 1576 stupore

238 1585 418 1657 attonitus
447 1584 600 1656 nimium
629 1583 846 1657 aedificatus
875 1584 1055 1670 discessit,
1079 1602 1116 1658 et
1135 1611 1183 1659 ex
1202 1603 1291 1659 tunc
1319 1612 1359 1659 se
1395 1610 1436 1656 ro

238 1709 276 1765 et
304 1717 371 1764 sua
400 1690 601 1763 liberaliter
628 1691 781 1764 fratrum
810 1691 992 1765 voluntati
1031 1691 1215 1791 exposuit.
1275 1693 1359 1766 Hoc

238 1823 370 1872 omnes
399 1798 530 1871 fratres
558 1796 795 1872 infallibiliter
823 1824 870 1870 ex
900 1823 1004 1872 rnore
1032 1801 1243 1886 servabant,
1261 1816 1301 1873 ut
1328 1800 1359 1872 si

239 1905 323 2001 quis
341 1930 471 1978 eorum
500 1903 605 1977 alteri
625 1905 780 1978 verbum
801 1904 1027 2003 quandoque
1057 1907 1280 1980 turbationis
1308 1907 1359 1979 in-

238 2013 362 2095 ferret,
390 2011 559 2108 protinus
588 2009 625 2083 in
654 2027 753 2085 terra
780 2028 989 2109 prostratus
1018 2011 1107 2086 laesi
1136 2014 1272 2111 pedem
1300 2012 1360 2087 vel

239 2119 342 2191 inviti
361 2118 481 2192 beatis
501 2118 637 2191 osculis
666 2119 905 2192 demulceret.
963 2119 1186 2194 Exsultabat
1209 2137 1360 2193 sanctus
1395 2145 1433 2210 15

239 2227 276 2298 in
306 2225 452 2310 talibus
469 2251 553 2297 cum
573 2251 662 2298 suos
681 2225 776 2298 filios
804 2226 980 2299 audiebat
998 2252 1045 2299 ex
1067 2253 1107 2300 se
1127 2226 1217 2324 ipsis
1235 2252 1360 2300 exem-

240 2332 301 2429 pla
329 2331 535 2405 sanctitatis
563 2331 734 2415 educere,
766 2332 1089 2412 benedictionibus
1122 2335 1222 2406 omni
1256 2359 1361 2407 acce·

240 2441 367 2537 ptione
388 2438 616 2537 dignissimis
641 2440 772 2512 fratres
793 2439 873 2513 illos
893 2441 1142 2525 accumulans,
1161 2442 1223 2539 qui
1242 2444 1360 2514 verbo

239 2547 299 2618 vel
327 2571 443 2643 opere
462 2547 510 2619 ad
530 2545 667 2618 Christi
690 2571 857 2621 amorem
882 2546 1101 2621 inducerent
1128 2565 1357 2647 peccatores.

238 2653 461 2726 Animarum
490 2653 580 2737 zelO,
612 2679 688 2749 quo
716 2655 882 2750 perfecte
910 2654 1074 2752 repletus
1101 2672 1191 2739 erat,
1209 2654 1360 2728 volebat
1390 2678 1435 2725 20

239 2759 308 2832 sibi
339 2759 432 2832 lilios
459 2785 548 2832 vera
576 2759 815 2834 similitudine
844 2763 1083 2858 respondere.

241 3118 317 3212 [De
343 3116 565 3211 quibusdam
593 3115 736 3188 malurn
763 3116 971 3211 exemplum
989 3088 1177 3199 dontibus,
1198 3127 1232 3188 et
1251 3117 1360 3189 mole-

317 3233 428 3304 dz'ctz‘o
462 3234 585 3304 sancti
608 3233 662 3303 ao'
685 3258 751 3314 eos,
780 3242 815 3304 et
840 3258 953 3328 quam
975 3234 1154 3328 graviter
1178 3231 1242 3305 hoc
1256 3233 1359 3326 fere·

320 3350 410 3444 bol}
469 3347 605 3420 CXVl.

326 3548 409 3636 156.
450 3543 511 3616 Sic
540 3544 652 3616 etiarn
681 3543 743 3640 qui
773 3568 917 3616 sacram
952 3543 1110 3616 violaret
1137 3542 1358 3642 religionem
1391 3568 1430 3635 25

240 3650 376 3746 iniquis
395 3652 571 3747 operibus
594 3650 653 3722 vel
671 3650 864 3747 exemplis,
888 3649 1158 3724 maledictionis
1177 3652 1257 3723 eius
1276 3675 1359 3746 gra·

239 3758 429 3831 vissimam
459 3756 671 3831 incurrebat
690 3757 924 3831 sententiam.
982 3759 1080 3831 Nam
1101 3784 1185 3830 cum
1204 3758 1265 3830 die
1286 3781 1360 3829 una

240 3865 381 3938 dictum
410 3882 511 3938 esset
538 3865 572 3937 ei
601 3865 703 3962 quod
732 3865 937 3937 Fundanus
965 3864 1175 3961 Episcopus
1203 3863 1360 3936 dixisset

241 3973 388 4044 duobus
413 3972 587 4044 fratribus
606 3973 780 4045 euntibus
801 3997 925 4044 coram
951 3971 1039 4070 [eo]‚
1062 3972 1125 4068 qui
1145 3972 1214 4044 sub
1234 3970 1360 4066 specie

239 4078 390 4151 maioris
405 4079 459 4151 sui
480 4095 717 4175 contemptus
733 4080 887 4150 barbam
904 4077 1112 4176 longiorem
1130 4077 1357 4150 nutriebant:
1392 4100 1433 4166 30

312 4301 373 4353 2-3.
391 4288 414 4340 Α
431 4306 478 4339 om.
496 4287 578 4340 nobili
595 4289 669 4347 viro;
687 4287 839 4358 Rsnpplcvil
852 4287 965 4355 (milite)
1037 4288 1101 4352 414
1116 4287 1199 4350 Quod
1206 4306 1215 4349 ,¹
1231 4288 1251 4342 R
1266 4287 1360 4351 Quen}

241 4380 301 4431 4-5.
321 4367 344 4418 A
365 4385 413 4419 onz.
434 4368 505 4419 verbi
518 4398 533 4407 -
546 4368 741 4438 aliquantulum
748 4387 758 4431 ;
777 4369 795 4420 R
812 4368 932 4438 suppleuit
945 4374 990 4435 (eo
1004 4369 1149 4436 turbatum)
1222 4384 1245 4437 7.
1267 4371 1290 4422 A
1311 4386 1359 4421 om.

241 4442 306 4495 illud
383 4462 421 4513 ¹5·
445 4448 470 4499 ll
489 4447 573 4500 oculis
646 4464 687 4519 29·
708 4448 815 4517 coram]
837 4448 858 4501 R
878 4447 975 4501 Soram
1031 4451 1122 4502 Aoni.
1143 4465 1177 4502 eo
