3142 4875
281 331 354 398 194
653 329 826 377 inunum
853 329 1022 379 sucuuon

276 437 539 448 ——.----—

273 579 411 648 autem,
428 562 517 633 dum
537 561 590 633 sic
611 559 689 644 iret,
713 579 753 633 ut
773 587 861 634 mox
882 560 1007 634 divina
1027 559 1282 633 consolatione
1314 560 1393 631 sub·

273 685 392 741 tracta
407 666 623 764 procellosis
638 667 907 741 tentationibus
927 667 1131 740 fluctuaret.
1164 667 1394 739 Intraverunt

273 800 395 872 aquae
414 800 533 870 usque
561 773 609 846 ad
638 773 812 858 animam,
844 790 883 846 et
911 791 1068 870 utroque
1088 773 1239 846 homine
1264 771 1316 845 sic
1335 772 1395 845 de-

273 882 394 955 solato
423 880 560 953 incedit
588 880 689 952 velut
717 880 797 953 avis
825 906 922 977 quae
951 880 1101 953 festinat
1129 879 1177 952 ad
1210 879 1391 975 laqueum.

276 987 390 1086 [lam]
422 988 571 1083 iamque
600 985 701 1058 velut
721 986 819 1060 circa
841 987 1062 1085 voraginem
1084 987 1118 1058 in
1140 985 1394 1082 praecipitium
1427 1013 1445 1077 5

274 1096 472 1176 ferebatur,
504 1119 587 1165 curu
603 1109 782 1188 paternae
799 1094 1056 1191 providentiae
1072 1093 1201 1165 oculus
1222 1093 1394 1164 miserum

238 1198 242 1205 ’
275 1201 472 1273 miseratus
507 1200 711 1298 [re]spexit
739 1199 775 1272 in
804 1200 915 1273 bono.
975 1200 1185 1274 Vexatione
1214 1199 1395 1295 siquidem

274 1307 502 1380 intellectum
532 1306 726 1401 recipiens
757 1306 909 1379 tandem
938 1308 986 1378 ad
1006 1333 1047 1380 se
1063 1333 1234 1379 reversus
1254 1306 1306 1377 sic
1324 1305 1392 1377 ait:

275 1414 491 1497 Revertere,
523 1439 546 1484 o
576 1412 697 1495 miser,
728 1413 777 1485 ad
806 1413 1036 1511 religionem,
1070 1415 1246 1509 quoniam
1267 1412 1315 1484 ibi
1339 1428 1396 1484 est

273 1522 373 1593 salus
402 1537 475 1592 tua.
534 1521 618 1591 Non
650 1519 779 1602 differt,
812 1520 981 1616 protinus
1000 1519 1131 1618 surgit,
1153 1534 1329 1615 properat
1348 1519 1396 1591 ad
1431 1546 1473 1591 ιο
1566 1533 1567 1582 l

274 1650 460 1725 gremium
490 1643 628 1697 matris.

358 1758 378 1826 3
386 1757 418 1825 3.
438 1734 533 1804 Cum
550 1749 674 1805 autem
696 1733 842 1805 veniret
858 1732 1008 1831 [Senas]
1027 1734 1074 1805 ad
1090 1733 1212 1804 locum
1230 1732 1394 1814 fratrum,
1566 1751 1567 1822 l

275 1855 355 1912 erat
386 1839 468 1933 [ibi]
490 1855 641 1911 sanctus
663 1837 894 1911 Franciscus.
948 1841 1086 1911 Mirum
1106 1839 1225 1910 certe!
1249 1864 1336 1910 mox
1357 1857 1398 1911 ut
1566 1833 1567 1922 l

274 1947 366 2018 vidit
385 1945 486 2018 illum
507 1961 667 2026 sanctus,
691 1945 857 2042 profugit
881 1946 927 2018 ab
947 1972 1004 2030 eu,
1035 1962 1073 2018 et
1102 1945 1138 2018 in
1169 1944 1261 2017 cella
1289 1960 1396 2041 raptu
1566 1933 1567 1970 ¹

274 2078 437 2150 propero
470 2078 510 2124 se
543 2051 703 2124 reclusit.
763 2052 952 2124 Commoti
990 2054 1120 2124 fratres
1155 2068 1396 2148 percunctari·
1431 2081 1469 2145 15

275 2176 335 2232 tur
356 2161 541 2254 [eausam]
573 2157 751 2255 fugiendi.
812 2158 959 2252 Quibus
983 2174 1152 2232 sanctus:
1186 2158 1262 2230 Cur
1293 2158 1398 2231 mira·
1566 2149 1567 2174 ³

277 2266 364 2338 mini
381 2267 508 2360 fugam
524 2265 587 2361 qui
605 2291 677 2337 non
692 2264 887 2338 advertitis
906 2265 1082 2338 causam?
1138 2265 1200 2337 Ad
1217 2263 1397 2337 orationis

277 2372 429 2470 confugi
449 2372 676 2469 praesidium
697 2388 737 2445 ut
764 2372 961 2445 liberarem
981 2397 1190 2446 erroneum.
1245 2370 1330 2445 Vidi
1359 2371 1397 2444 in
1566 2448 1567 2467 ,

276 2478 351 2551 filio
381 2480 480 2574 quod
510 2479 588 2550 iure
618 2478 824 2575 displicuit;
856 2481 923 2551 sed
952 2505 1041 2552 ecce
1062 2479 1134 2551 iam
1164 2479 1302 2552 Christi
1324 2480 1397 2552 mei

195 2663 197 2666 ,
275 2585 397 2684 gratia
425 2586 569 2658 delusio
589 2586 711 2657 omnis
739 2586 919 2658 discessit.
978 2586 1101 2659 Flexit
1119 2612 1159 2658 se
1180 2586 1217 2658 in
1237 2586 1398 2683 genibus
1428 2619 1470 2666 20
1566 2600 1567 2685 l

276 2692 399 2775 frater,
430 2708 468 2763 et
496 2718 580 2764 cum
612 2691 855 2785 [verecundia
874 2696 931 2788 se]
963 2693 1185 2789 culpabilem
1219 2692 1397 2790 [pro]cla-

276 2797 400 2870 mavit.
460 2799 529 2871 Cui
550 2815 719 2872 sanctus:
743 2799 941 2896 Indulgeat
960 2800 1025 2872 tibi
1045 2800 1243 2883 Dominus,
1271 2800 1393 2873 frater.
1566 2794 1567 2873 l

276 2904 352 2977 Sed
373 2931 507 2978 caveas
526 2906 574 2978 de
595 2922 744 2979 caetero
765 2932 811 2979 ne
831 2907 901 2979 sub
921 2906 1046 3003 specie
1065 2906 1273 2979 sanctitatis
1292 2932 1314 2979 a
1333 2923 1397 2979 tua

275 3010 457 3108 religione
486 3028 524 3085 et
543 3013 717 3084 fratribus
737 3013 932 3108 separeris.
991 3014 1129 3086 Factus
1157 3030 1215 3085 est
1237 3013 1393 3110 [autem]

275 3118 434 3215 proinde
449 3118 570 3191 dictus
590 3120 703 3192 frater
719 3119 1024 3217 congregationis
1044 3137 1082 3192 et
1102 3120 1291 3193 societatis
1310 3119 1398 3191 ami·
1426 3151 1465 3217 25
1566 3166 1567 3241 l

275 3250 351 3308 cus,
384 3223 452 3298 illis
481 3226 642 3303 maxime
671 3227 830 3298 devotus
850 3226 1027 3323 collegiis,
1060 3226 1097 3299 in
1126 3228 1261 3324 quibus
1290 3252 1398 3323 regu·
1566 3250 1567 3253 ’

274 3332 362 3405 laris
391 3332 661 3430 observa[ntia]
694 3333 815 3429 magis
844 3335 958 3431 viget.
1017 3334 1053 3407 Ο
1081 3359 1219 3430 magna
1247 3333 1283 3405 in
1313 3357 1398 3405 con-

276 3439 360 3511 cilio
389 3439 568 3511 iustorum
600 3454 636 3510 et
664 3439 961 3537 congregatione
990 3466 1105 3536 opera
1128 3439 1299 3512 Domini!
1356 3440 1397 3511 ln

274 3571 321 3618 ea
349 3545 534 3641 siquidem
564 3546 687 3617 vexati
719 3548 965 3631 continentur,
999 3547 1078 3620 elisi
1107 3549 1312 3645 eriguntur,
1343 3561 1399 3618 te·
1566 3626 1567 3633 ,

275 3652 352 3748 pidi
373 3669 634 3748 provocantur,
659 3653 694 3725 in
716 3679 760 3726 ea
781 3654 919 3726 ferrum
939 3654 1038 3727 ferro
1067 3654 1209 3726 acuitur
1228 3671 1266 3726 et
1286 3654 1400 3725 frater
1428 3683 1466 3748 30

277 3763 332 3854 [a]
352 3760 464 3831 fratre
484 3758 634 3831 adiutus
650 3759 754 3855 quasi
771 3760 876 3832 firma
892 3760 1021 3833 civitas
1041 3759 1242 3844 stabilitur;
1260 3776 1298 3832 et
1313 3760 1400 3832 licet

276 3891 365 3961 prae
387 3866 495 3938 turba
514 3866 695 3937 saeculari
716 3866 838 3937 lesum
858 3867 985 3939 videre
1003 3891 1076 3937 non
1098 3867 1228 3962 possis
1248 3865 1399 3939 minime

348 4146 405 4211 §.A
416 4164 464 4198 om.
478 4146 533 4197 lam
607 4162 631 4215 7.
646 4146 670 4198 A
685 4145 800 4214 inspexit
875 4159 914 4198 12.
927 4146 1024 4215 Senas]
1039 4147 1064 4199 A
1079 4144 1159 4199 frater
1234 4162 1273 4215 13.
1284 4145 1398 4214 eratibi]

275 4226 298 4276 A
311 4226 469 4295 inquoerut
545 4225 748 4290 15..lfrecludit
822 4223 895 4280 16.A
908 4227 1048 4278 materiam
1123 4240 1161 4295 19.
1175 4226 1283 4295 ,lfquod
1297 4225 1401 4278 deiure

277 4318 371 4356 21—22.
382 4308 405 4356 A
418 4305 566 4357 reverentia
580 4305 651 4373 culp.
662 4304 820 4357 reclamavit
893 4320 934 4369 24.
950 4308 973 4358 A
989 4323 1038 4358 om.
1052 4317 1142 4357 autem
1217 4319 1259 4371 27.
1272 4306 1296 4358 A
1310 4306 1401 4359 obser·

276 4384 351 4434 vatio
424 4398 490 4453 27-3
513 4385 549 4454 (p.
568 4385 634 4454 195).
656 4384 688 4435 M
702 4402 751 4436 om.
773 4384 1073 4455 Omagna-accipito
1149 4385 1337 4455 31.Aom.a
