3142 4875
614 398 717 445 BEA'I'I
747 397 931 444 FIIANCISCI
1256 397 1328 466 243

216 736 412 829 [Qualiter
423 761 535 807 orans
548 734 716 830 abagebat
720 734 992 830 phantasmata
1006 736 1154 829 cordis}
1196 735 1328 808 LXIII.

295 969 355 1040 97.
382 947 556 1021 Graviter
575 972 615 1018 se
635 947 791 1041 putabat
809 946 1008 1029 offendere,
1031 948 1061 1018 si
1081 949 1232 1043 quando
1252 974 1331 1022 ora·

212 1055 303 1128 tioni
318 1055 476 1137 deditus,
499 1053 603 1126 vanis
622 1053 944 1149 phantasmatibus
966 1073 1186 1127 moveretur.
1234 1057 1330 1128 Cum

214 1162 353 1258 aliquid
383 1160 455 1234 tale
486 1160 664 1232 incideret
694 1185 766 1231 uon
788 1162 966 1255 parcebat
986 1161 1218 1246 confessioni,
1241 1164 1330 1259 quin

165 1288 182 1352 5
215 1268 303 1341 illud
332 1269 501 1365 protinus
528 1267 707 1362 expiaret.
766 1267 849 1338 Hoc
877 1266 1040 1339 studium
1069 1267 1121 1340 sic
1157 1271 1193 1340 in
1223 1296 1329 1343 usum

213 1391 386 1459 verterat,
404 1370 450 1446 'ut
478 1373 663 1447 rarissime
685 1398 831 1445 muscas
852 1374 1108 1447 huiuscemodi
1127 1393 1327 1471 pateretur.

213 1483 370 1555 Fecerat
398 1483 559 1578 quadam
590 1481 878 1578 quadragesima
907 1481 1097 1554 vasculum
1126 1484 1326 1579 quoddam,

214 1591 311 1662 circa
340 1591 441 1686 quod
468 1589 642 1660 minutias
661 1589 850 1682 temporis,
884 1613 929 1660 ne
955 1587 1102 1683 penitus
1126 1591 1326 1676 excideret,

213 1697 475 1792 applicaverat.
527 1695 701 1788 Quadam
722 1720 816 1792 ergo
831 1695 891 1766 die
907 1720 991 1766 cum
1006 1696 1153 1767 tertiam
1173 1698 1330 1771 devotus

145 1821 183 1866 10
213 1804 364 1886 diceret,
395 1801 512 1875 oculis
541 1801 736 1874 casualiter
760 1801 899 1897 illapsis
928 1801 963 1872 in
993 1802 1330 1877 considerationem

213 1911 321 1994 vasis,
354 1910 573 2007 impeditum
602 1908 718 1979 sensit
747 1907 959 1980 interiorem
994 1908 1183 1982 hominem
1212 1936 1235 1983 a
1263 1913 1329 1984 ser·

213 2043 313 2089 vore.
372 2015 517 2088 Dolens
546 2014 659 2112 igitur
688 2016 931 2111 interruptam
960 2040 1091 2087 vocem
1127 2016 1249 2089 cordis
1282 2020 1330 2090 ad

213 2149 323 2196 aures
338 2123 493 2207 divinas,
512 2124 620 2194 tertia
635 2122 747 2204 fruita,
767 2121 860 2193 dixit
874 2122 1111 2193 audientibus
1134 2124 1327 2196 iratribus:

212 2229 296 2313 Hei,
325 2229 600 2328 [nu]gatorium
631 2255 735 2325 opus,
759 2230 860 2324 quod
889 2245 1030 2300 tantum
1063 2229 1098 2300 in
1127 2255 1188 2301 me
1216 2232 1330 2303 valuit

145 2362 180 2426 ¹5
213 2336 306 2409 utin
328 2363 369 2409 se
398 2337 560 2408 animum
591 2335 850 2431 detorqueret!
899 2334 1125 2408 Sacrificabo
1145 2336 1232 2408 illud
1253 2338 1329 2410 Do-

213 2445 325 2529 min0‚
349 2447 453 2517 cuius
482 2443 701 2516 sacrificium
731 2442 934 2539 impedivit.
993 2443 1075 2515 Hiis
1103 2443 1220 2528 dietis,
1243 2446 1329 2519 arri-

212 2551 320 2647 piens
338 2551 530 2643 vasculum
552 2550 725 2623 conflavit
741 2551 776 2621 in
796 2551 893 2647 igne.
943 2551 1096 2636 Pudeat,
1115 2551 1242 2648 inquit,
1262 2578 1328 2625 nos

213 2660 248 2729 in
284 2659 505 2757 vagationes
535 2659 750 2755 nugatorias
785 2657 907 2755 arripi,
939 2683 1022 2730 cum
1052 2673 1220 2756 tempore
1250 2686 1328 2733 ora·

212 2763 322 2838 tionis
351 2791 530 2863 maguum
561 2791 688 2862 regem
718 2764 950 2859 alloquimur.

452 3190 528 3288 [De
556 3191 689 3261 mentis
716 3190 891 3288 excessu}
950 3190 1084 3262 LXIV.

291 3408 352 3496 98.
391 3405 699 3501 Suspendebatur
737 3405 925 3478 multoties
962 3423 1064 3479 tanta
1102 3408 1326 3503 contempla-

210 3511 319 3585 tionis
348 3510 553 3596 dulcedine,
586 3529 626 3584 ut
654 3538 766 3609 supra
794 3512 1035 3609 semetipsum
1066 3532 1203 3611 raptus,
1225 3515 1326 3610 quod

211 3621 304 3691 ultra
338 3620 540 3692 humanum
569 3645 719 3692 sensum
753 3620 1025 3716 experiebatur,
1059 3620 1195 3693 nemini
1226 3647 1326 3693 reve-

210 3726 312 3799 laret.
370 3728 441 3799 Per
461 3753 574 3799 uuum
594 3742 731 3809 tamen,
755 3727 857 3823 quod
876 3727 992 3799 semel
1021 3727 1190 3812 innotuit,
1213 3727 1327 3801 claret

141 3857 180 3923 25
213 3834 316 3905 nobis
332 3859 444 3930 quarn
459 3834 672 3930 frequenter
687 3832 723 3906 in
739 3860 901 3930 superna
917 3834 1112 3907 dulcedine
1128 3836 1326 3932 absorptus

211 3939 327 4012 luerit.
384 3941 505 4014 Asino
525 3941 687 4037 quodam
708 3958 879 4038 tempore
898 3943 1123 4024 vectabatur,
1155 3967 1238 4014 cum
1259 3967 1326 4039 per

212 4046 377 4145 Burgum
398 4048 523 4121 Sancti
544 4047 712 4143 Sepulcri
733 4074 819 4120 eum
840 4065 1030 4144 oporteret
1053 4047 1219 4121 transire.
1277 4050 1326 4121 Et

284 4300 303 4337 1.
324 4286 354 4338 ,u
372 4303 419 4338 om.
440 4286 587 4338 Desumilnr
606 4304 635 4337 vr
657 4288 696 4339 Ru
705 4288 717 4338 lr
727 4288 815 4349 ritis,
835 4285 886 4337 uid.
906 4297 957 4356 sup.
976 4296 1002 4357 p.
1023 4288 1079 4341 160.
1157 4302 1195 4351 14.
1211 4288 1236 4340 A
1257 4289 1326 4341 miti·

211 4364 343 4431 gntorium
438 4363 533 4433 tri-17.
561 4368 589 4417 ,u
612 4368 721 4432 arripuit
746 4364 884 4417 vasculum
909 4379 935 4418 et
959 4384 981 4419 c.
1077 4381 1115 4434 17.
1140 4368 1159 4419 R
1183 4366 1325 4422 consricuir

214 4442 306 4515 18-19.
327 4447 510 4499 notationes
585 4461 625 4510 24.
646 4446 739 4515 claret]
759 4447 783 4499 A
804 4446 893 4508 daret,·
914 4446 935 4499 R
955 4460 1027 4517 patet
