3142 4875
522 313 729 363 ’funeratus
758 313 806 363 DE
835 314 1028 363 MIRACULIS

158 563 162 572 ’
211 564 299 621 vata
328 565 394 621 est.
466 549 688 621 Indumenta
725 547 928 622 dilaniabat
956 547 1141 633 dentibus
1173 547 1271 645 ignis
1298 566 1336 621 et

212 681 333 752 aquae
362 654 567 754 periculum
607 680 680 727 non
717 655 883 740 timebat,
914 672 952 728 et
980 656 1110 728 caduci
1140 655 1259 728 morbi
1288 656 1335 727 ad

213 788 399 836 summum
442 761 646 835 incurrerat
679 761 892 834 horribilem
931 764 1156 859 passionem.
1214 762 1336 835 Nocte

214 871 386 967 quadam,
419 895 501 942 cum
532 869 748 966 disponeret
767 869 836 942 sibi
856 868 982 943 divina
998 868 1251 942 misericordia
1272 868 1336 941 mi-

212 975 339 1058 sereri,
370 1002 503 1049 somno
523 975 695 1073 arripitur
714 976 876 1049 salutari.
936 976 1038 1048 Vidit
1067 975 1165 1049 enim
1184 976 1335 1049 beatum
1367 1002 1384 1066 5

214 1083 455 1156 Franciscum
484 1108 597 1180 super
615 1082 747 1156 solium
764 1084 896 1156 sedere
926 1082 1227 1180 pulcherrimum,
1248 1101 1335 1155 ante

213 1215 324 1286 quem
347 1206 531 1286 prostrata
550 1190 747 1263 sanitatem
768 1189 984 1287 suppliciter
999 1190 1212 1288 expetebat.
1271 1188 1335 1262 Illo

214 1323 303 1370 vero
333 1298 498 1370 nondum
519 1298 666 1369 favente
687 1299 870 1394 precibus
894 1298 1015 1370 firmat
1045 1296 1176 1369 mulier
1196 1313 1332 1378 votum,

213 1404 436 1501 promittens
465 1429 532 1500 pro
563 1403 678 1501 ipsius
705 1429 835 1477 amore
869 1404 1093 1501 petentibus,
1124 1403 1245 1476 donec
1275 1404 1335 1475 ha·

214 1513 329 1594 beret,
361 1511 637 1607 eleemosynam
661 1536 734 1583 non
756 1537 906 1609 negare.
966 1510 1066 1583 lllico
1095 1527 1246 1582 sanctus
1275 1536 1335 1607 pa·
1370 1537 1410 1584 10

214 1635 314 1690 ctum
335 1618 565 1715 recognovit,
588 1619 689 1714 quod
710 1618 797 1690 olim
819 1641 902 1691 cum
923 1618 1009 1690 Deo
1035 1617 1154 1690 simile
1184 1618 1332 1701 lecerat,

214 1743 252 1798 et
280 1726 435 1823 signans
463 1750 545 1798 eam
575 1723 695 1797 crucis
709 1724 913 1823 signaculo,
938 1726 1122 1821 integram
1143 1723 1212 1797 sibi
1233 1725 1336 1797 resti-

214 1831 283 1905 tuit
312 1830 520 1904 sanitatem.

301 1961 382 2032 153.
416 1939 541 2010 Puella
577 1939 762 2035 quaedam
802 1938 902 2035 apud
936 1938 1121 2023 Nursiam,
1153 1939 1335 2035 languore

213 2047 274 2118 diu
291 2071 460 2143 pervasa,
478 2046 629 2117 tandem
651 2044 850 2119 daemonio
865 2062 1002 2119 vexata
1017 2046 1187 2118 innotuit.
1237 2046 1335 2118 Nam
1371 2072 1409 2137 15

213 2178 327 2251 saepe
364 2152 526 2226 stridens
567 2153 742 2225 dentibus
783 2152 944 2250 seipsam
988 2151 1225 2235 dilacerabat,
1267 2177 1336 2224 nec

213 2259 429 2357 praecipitia
465 2260 597 2344 vitans,
635 2286 703 2332 nec
733 2259 945 2333 discrimina
974 2285 1126 2358 pavens.
1198 2258 1336 2356 Sicque

213 2367 359 2465 loquela
380 2367 525 2465 perdita
545 2383 582 2441 et
604 2369 856 2440 membrorum
877 2367 1009 2441 officiis
1035 2367 1223 2446 destituta,
1248 2365 1336 2439 nihil

214 2475 394 2548 rationale
423 2475 704 2572 praetendebat.
777 2475 957 2548 Parentes
990 2476 1079 2558 eius,
1112 2474 1336 2547 hereditaria

214 2580 431 2655 confusione
451 2580 605 2664 obsessi,
629 2581 781 2679 ligatam
802 2581 838 2654 in
868 2582 1027 2680 grabato
1056 2608 1169 2678 super
1196 2580 1335 2654 iumen·
1368 2605 1413 2651 20

212 2706 291 2760 tum
322 2688 507 2761 Assisium
537 2688 762 2767 detulerunt.
820 2688 992 2785 Cumque
1015 2690 1050 2761 in
1080 2689 1140 2761 die
1171 2688 1337 2761 Circum·

214 2795 362 2868 cisionis
378 2795 600 2868 Dominicae
620 2821 744 2868 coram
765 2795 869 2868 altari
890 2795 1008 2868 sancti
1029 2794 1227 2879 Francisci,
1247 2796 1335 2866 dum

214 2902 408 2976 missarum
445 2919 648 3000 agerentur
676 2903 866 2987 solemnia,
903 2903 1070 2999 proiecta
1098 2903 1245 2985 iaceret,
1277 2928 1336 2974 su·

213 3011 291 3082 bito
328 3010 454 3082 nescio
488 3009 588 3106 quod
625 3008 791 3083 evomuit
826 3009 1075 3082 maledictum.
1146 3007 1336 3082 Continuo

212 3143 325 3214 super
366 3116 532 3213 plantam
569 3142 610 3189 se
648 3118 810 3214 erigens,
850 3117 968 3189 altare
1000 3115 1117 3189 sancti
1147 3114 1335 3188 Francisci
1367 3140 1407 3205 ²5

213 3222 430 3297 deosculata
458 3240 525 3307 est,
557 3240 595 3296 et
622 3225 670 3296 ab
699 3224 800 3296 omni
823 3226 952 3296 morbo
972 3223 1136 3320 plenarie
1166 3222 1332 3305 liberata,

215 3333 250 3402 in
288 3331 385 3404 hanc
418 3355 550 3403 vocem
584 3332 768 3428 prorupit:
810 3331 978 3403 Laudate
1017 3331 1142 3403 Deum
1181 3346 1218 3403 et
1254 3354 1334 3402 san·

214 3455 312 3510 ctum
344 3437 433 3511 eius

301 3566 382 3637 154.
415 3543 556 3617 Caduci
594 3544 712 3617 morbi
752 3570 825 3617 non
856 3543 977 3617 minus
1006 3543 1193 3617 horrendo
1222 3569 1333 3640 quam

213 3652 376 3725 dolendo
412 3651 576 3725 cruciatu
612 3650 804 3724 cuiusdam
840 3651 972 3725 nobilis
1001 3651 1095 3724 filius
1125 3651 1332 3724 tenebatur.
1367 3680 1410 3745 30

213 3760 291 3832 Ore
329 3760 538 3855 spumabat,
579 3759 671 3831 truci
709 3776 863 3855 aspectu
901 3775 1034 3831 cuncta
1072 3759 1259 3841 cernebat,
1297 3774 1336 3830 et

213 3866 464 3939 membrorum
480 3866 596 3938 abusu
619 3866 745 3938 nescio
765 3865 854 3962 quid
871 3866 1093 3939 diabolicum
1110 3865 1332 3961 exspuebat.

213 3974 436 4046 Clamabant
464 3989 640 4070 parentes
668 3974 716 4045 ad
745 3990 915 4045 sanctum
945 3973 1028 4057 Dei,
1052 3989 1250 4070 poscentes
1279 3997 1335 4044 re·

213 4080 388 4165 medium,
418 4097 456 4152 et
486 4081 659 4153 miserum
699 4079 811 4153 filium
844 4080 1003 4176 pedibus
1031 4080 1111 4157 eius
1139 4078 1333 4151 affectibus

213 4188 429 4259 offerebant.
487 4186 675 4283 Apparuit
709 4188 821 4284 igitur
857 4186 1053 4260 dormienti
1088 4187 1195 4259 matri
1226 4202 1336 4259 noete
1367 4211 1408 4275 35

213 4293 374 4387 quadam
394 4293 542 4389 pietatis
574 4294 726 4379 amicus
763 4311 801 4367 et
828 4293 879 4367 ait
907 4294 954 4366 ad
983 4319 1084 4367 eam:
1116 4293 1217 4366 Ecce
1236 4317 1336 4366 nunc

213 4400 296 4470 veni
327 4401 470 4473 salvare
500 4401 611 4473 filium
642 4418 757 4473 tuum.
815 4401 878 4473 Ad
902 4426 1014 4498 quam
1044 4426 1175 4474 vocem
1204 4426 1336 4497 exper-
