3142 4875
574 381 687 430 ΒΕΑΤΙ
716 380 911 431 FRANCISCI
1258 381 1301 450 13

172 616 405 700 retardante,
436 614 627 712 abriperet
655 616 780 699 vitam,
812 613 912 688 vitali
932 612 1063 711 spiritu
1092 613 1301 686 intercluso.

176 721 306 820 Surgit
325 722 498 818 proinde,
520 723 632 819 signo
651 739 804 795 sanctae
834 720 966 794 Crucis
993 746 1035 794 se
1064 719 1244 803 muniens,
1268 736 1305 793 et

178 845 403 925 praeparato
432 853 533 926 equo
562 854 789 925 supereum
818 828 996 911 ascendit,
1028 827 1303 924 assumptisque

180 960 306 1008 secum
336 935 472 1031 pannis
500 934 730 1008 scarulaticis
757 936 806 1008 ad
826 934 1077 1018 vendendum,
1099 934 1146 1007 ad
1177 932 1305 1006 civita-

135 1059 150 1124 5
180 1057 256 1114 tem
285 1067 383 1137 quae
411 1040 637 1138 Fulgineum
666 1057 823 1115 vocatur
842 1042 997 1114 lestinus
1026 1041 1188 1113 devenit.
1248 1040 1302 1112 lbi

181 1174 229 1221 ex
258 1173 362 1221 more
390 1147 551 1220 venditis
579 1147 754 1221 omnibus
782 1174 879 1246 quae
899 1148 1082 1244 portabat,
1106 1145 1301 1228 caballum,

181 1255 241 1328 cui
269 1270 357 1327 tunc
387 1255 585 1337 insederat,
617 1253 705 1327 felix
735 1271 921 1327 mercator
959 1271 1153 1349 assumpto
1181 1252 1304 1350 pretio

181 1361 390 1458 dereliquit.
449 1362 736 1458 Regressusque
778 1362 875 1445 inde,
922 1359 1103 1457 depositis
1136 1360 1300 1444 sarcinis

181 1467 271 1564 quid
300 1484 433 1567 ageret
462 1468 510 1540 de
537 1468 697 1565 pecunia
726 1467 902 1565 religiosa
941 1483 1066 1540 mente
1102 1467 1300 1539 tractabat.

115 1591 152 1635 10
181 1574 321 1647 Mirum
349 1575 385 1647 in
416 1574 567 1646 modum
612 1600 700 1646 mox
742 1591 844 1647 totus
885 1573 921 1646 in
965 1573 1038 1646 Dei
1071 1598 1186 1671 opere
1215 1598 1304 1645 con-

181 1707 324 1768 versus,
353 1697 550 1780 gravatum
580 1682 690 1753 valde
719 1706 760 1754 se
788 1680 954 1754 sentiens
977 1680 1173 1776 pecuniam
1204 1678 1302 1753 illam

180 1789 240 1861 vel
272 1813 345 1860 una
382 1789 474 1860 hora
515 1805 676 1884 portare,
724 1813 768 1861 ac
809 1786 911 1861 velut
943 1812 1095 1860 arenam
1125 1802 1303 1881 reputans

180 1919 295 1967 omne
337 1893 432 1967 illius
473 1894 777 1977 emolumentum,
823 1895 870 1967 ad
908 1893 1170 1989 deponendam
1205 1892 1302 1964 illam

181 2001 256 2074 cito
285 2000 447 2078 festinat.
504 2001 679 2097 Cumque
706 2026 836 2073 versus
865 1999 1052 2073 civitatem
1081 1997 1214 2070 Assisii
1244 2023 1304 2071 re·

118 2126 150 2191 15
183 2128 334 2192 mearet,
385 2106 522 2204 reperit
563 2101 667 2180 iuxta
712 2107 811 2180 viam
858 2107 1047 2203 quandam
1094 2103 1299 2188 ecclesiam,

182 2240 278 2311 quae
309 2214 345 2286 in
375 2214 556 2286 honorem
586 2215 704 2286 sancti
733 2213 908 2286 Damiani
938 2214 1058 2285 fuerat
1098 2210 1303 2306 antiquitus

182 2321 370 2405 fabricata,
403 2321 471 2393 sed
500 2346 627 2393 casum
656 2320 868 2417 proximum
898 2346 946 2393 ex
974 2333 1161 2392 vetustate
1191 2316 1303 2390 nimia

181 2428 405 2501 minabatur.

263 2559 298 2627 9.
329 2534 393 2607 Ad
423 2559 536 2630 quam
557 2559 676 2606 novus
696 2534 835 2607 Christi
857 2534 963 2606 miles
981 2533 1197 2619 adveniens,
1228 2532 1303 2630 pie·

114 2660 154 2705 20
180 2658 258 2716 tate
287 2656 416 2715 tantae
437 2641 669 2714 necessitatis
690 2656 910 2720 commotus,
933 2665 1017 2712 cum
1031 2640 1165 2713 timore
1186 2664 1229 2712 ac
1250 2665 1303 2710 re-

179 2747 350 2822 verentia
378 2746 562 2832 introivit;
593 2765 632 2821 et
660 2747 813 2820 invento
842 2746 913 2819 illic
943 2748 1107 2843 quodam
1136 2771 1302 2843 paupere

180 2855 389 2939 sacerdote,
421 2878 636 2951 magnaque
665 2879 749 2927 cum
779 2853 851 2926 fide
872 2852 1047 2927 osculatis
1075 2853 1156 2925 eius
1186 2851 1302 2925 mani-

179 2962 250 3035 bus
278 2961 405 3046 sacris,
436 2962 634 3059 pecuniam
663 2959 696 3033 ei
726 2959 870 3047 obtulit,
901 2985 1012 3055 quam
1049 2961 1234 3056 portabat,
1267 2975 1303 3030 et

179 3067 414 3165 propositum
435 3092 543 3140 suum
558 3067 593 3140 ei
614 3093 681 3164 per
708 3067 878 3140 ordinem
908 3066 1104 3146 enarravit.
1165 3066 1303 3139 Obstu-

112 3189 150 3256 25
180 3175 351 3272 pelactus
365 3175 552 3257 sacerdos,
569 3189 607 3246 et
621 3173 716 3248 ultra
735 3198 847 3270 quam
868 3172 968 3246 credi
988 3187 1113 3270 potest
1141 3173 1301 3245 subitam

180 3307 304 3356 rerum
335 3280 618 3354 conversionem
647 3280 846 3364 admirans,
880 3279 981 3376 quod
1022 3280 1198 3351 audiebat
1227 3304 1302 3350 cre-

179 3390 270 3462 dere
299 3386 496 3461 recusavit.
554 3386 603 3459 Et
631 3387 718 3482 quia
746 3387 903 3484 putabat
934 3385 1036 3458 illudi
1074 3385 1154 3470 sibi,
1187 3384 1303 3457 noluit

179 3495 282 3591 apud
310 3494 351 3568 se
380 3496 544 3567 oblatam
572 3494 769 3589 pecuniam
790 3494 961 3566 retinere.
1019 3492 1175 3565 Viderat
1202 3492 1301 3564 enim

179 3627 277 3687 eum,
310 3616 351 3674 ut
377 3600 429 3674 ita
457 3599 589 3684 dicam,
621 3625 718 3697 pene
738 3599 855 3672 altera
875 3600 935 3672 die
955 3598 1157 3672 enormiter
1175 3598 1302 3670 vivere

113 3722 151 3787 30
179 3708 277 3781 inter
305 3721 489 3806 cognatos
530 3722 569 3779 et
606 3723 728 3791 notos,
772 3722 811 3779 et
851 3731 965 3803 supra
998 3721 1167 3778 caeteros
1195 3730 1300 3777 suam

253 3980 276 4033 3.
296 3963 329 4015 M
339 3974 546 4033 assumptusque
600 3977 625 4027 4.
646 3961 687 4029 Η,
709 3962 740 4015 M
757 3978 917 4015 mserum
955 3962 1002 4015 AS
1016 3960 1160 4031 scapularis
1198 3961 1303 4013 Hscar·

178 4043 265 4097 laticis
302 4041 480 4095 Rscarulatis
519 4041 554 4097 Os
567 4041 596 4094 in
612 4042 684 4095 civit.
765 4057 786 4111 5.
810 4042 838 4095 H
851 4040 927 4111 Fulgi
967 4042 1001 4096 Os
1021 4040 1130 4094 advenit
1208 4040 1232 4093 8.
1246 4039 1302 4103 AS,

180 4124 213 4176 M
228 4120 372 4193 dereliquit
408 4122 444 4187 E,
465 4121 702 4193 OsReversusque
741 4121 854 4185 Linde,
875 4122 969 4191 positis
1053 4136 1091 4173 12.
1112 4121 1158 4174 As
1185 4137 1234 4171 om.
1259 4118 1303 4171 vel

180 4202 294 4256 Muelut
313 4201 410 4254 horam
522 4218 562 4272 13.
577 4204 606 4255 M
622 4201 689 4255 illud
803 4217 842 4267 14.
863 4201 893 4254 H
912 4200 1059 4255 festinabat
1114 4201 1145 4253 M
1171 4198 1303 4252 festinans

182 4280 222 4335 16.
239 4283 281 4347 H,
303 4283 324 4337 R
344 4281 449 4334 honore
523 4296 563 4335 22.
584 4283 614 4336 M
631 4280 769 4336 osculatus
844 4297 887 4348 24.
907 4281 927 4334 R
947 4281 1079 4352 propositi
1106 4282 1147 4333 sui
1175 4279 1301 4332 ordinem

179 4361 221 4426 H,
242 4363 278 4428 L,
299 4362 345 4426 M,
364 4361 478 4426 Ox,W,
494 4361 619 4416 Ossuum
638 4374 665 4416 et
683 4361 808 4415 ordinem
879 4360 1088 4416 26.Rmiratus
1126 4359 1302 4428 13,unae

181 4455 222 4510 27.
249 4441 284 4495 W
298 4440 441 4495 recusabat
513 4443 554 4496 28.
580 4443 615 4495 W
629 4441 733 4495 illatam
809 4458 849 4512 30.
869 4441 950 4511 inter]
972 4440 1019 4495 AS
1036 4441 1105 4494 ultra

679 4581 915 4765 innrrr
