3142 4875
266 285 341 376 348
569 308 776 356 ‘l'RnC‘sA'sUs
806 309 853 355 nu
882 308 1075 356 irrrtncmrs

368 419 434 423 ⁴⁴„—
466 418 504 422 ...-
608 417 612 422 .
636 415 925 422 -—..---...-—-.-
1217 415 1283 421 ψ...
1300 413 1389 420 --

263 541 506 614 vehementer
536 539 669 612 mirari.
728 540 803 612 Sed
834 566 907 612 non
938 540 1069 612 mirum
1100 541 1130 611 si
1169 540 1203 612 in
1240 538 1387 634 pictura

265 671 339 718 non
359 668 447 726 erat.
471 647 573 743 quod
593 646 712 742 pictor
731 647 918 719 omiserat.
968 649 1038 719 Per
1057 646 1181 742 plures
1201 646 1282 720 dies
1303 671 1386 742 por·

263 769 316 826 tat
332 753 419 826 illud
440 756 476 825 in
497 754 609 827 corde
629 779 708 835 suu,
731 771 769 825 et
790 752 876 825 nulli
896 752 985 826 dicit
1005 755 1145 836 mulier,
1169 754 1387 848 frequenter

262 859 465 957 imaginem
486 885 643 933 cernens
662 876 699 933 et
719 885 868 957 semper
887 861 1029 933 dolens,
1087 860 1136 932 Et
1152 867 1238 932 ecce
1260 859 1385 932 subito

262 966 324 1039 die
344 969 505 1062 quadam
534 966 643 1065 signa
672 967 731 1039 illa
761 966 914 1040 mirifica
943 968 978 1039 in
1009 967 1179 1039 manibus
1203 992 1385 1062 apparue-
1416 996 1433 1059 5

261 1091 356 1154 runt.
389 1073 489 1146 velut
518 1073 554 1145 in
584 1073 663 1146 aliis
693 1073 919 1170 imaginibus
955 1073 1044 1170 poni
1079 1073 1210 1156 solent.
1246 1073 1384 1146 virtute

261 1179 386 1252 divina
406 1180 604 1277 supplente
620 1181 720 1275 quod
736 1181 900 1252 humana
914 1182 1033 1252 suerat
1052 1197 1131 1253 arte
1154 1178 1381 1278 neglectum,

343 1312 377 1378 9.
408 1287 646 1360 Tremesacta
676 1287 806 1358 mulier
833 1303 871 1359 et
900 1287 1051 1358 nimium
1081 1286 1274 1368 admirata,
1296 1313 1385 1359 con·

263 1394 384 1466 lestim
414 1395 461 1467 ad
490 1420 530 1466 se
561 1394 670 1466 liliam
700 1410 819 1476 vocat,
852 1418 949 1489 quae
979 1410 1135 1466 matrem
1155 1411 1383 1490 sanctopro-

262 1501 385 1597 posito
414 1501 651 1596 sequebatur,
669 1517 708 1572 et
726 1500 759 1571 ei
781 1500 882 1595 quod
904 1501 1040 1572 lactum
1061 1501 1180 1573 suerat
1201 1500 1381 1584 indicans
1419 1528 1458 1573 ro

262 1607 461 1705 diligenter
490 1607 669 1703 perquirit
683 1606 714 1679 si
728 1608 871 1702 absque
887 1606 1124 1704 stigmatibus
1145 1633 1263 1703 usque
1284 1633 1383 1679 nunc

262 1715 463 1812 imaginem
486 1715 627 1786 viderit.
687 1713 862 1785 Affirmat
891 1714 1013 1810 puella
1041 1731 1078 1785 et
1107 1715 1202 1786 iurat
1221 1714 1273 1785 sic
1293 1714 1382 1786 olim

263 1821 343 1893 sine
379 1821 615 1916 stigmatibus
651 1820 772 1902 fuisse,
806 1837 844 1892 et
874 1846 970 1893 nunc
999 1846 1087 1892 vere
1117 1847 1200 1893 cum
1230 1821 1385 1917 stigma·

262 1927 360 2000 tibus
389 1953 583 2024 apparere.
640 1927 777 1998 Verum
808 1926 894 2023 quia
916 1953 1020 1999 mens
1054 1929 1215 2001 humana
1249 1945 1384 2000 semet-

263 2035 380 2132 ipsam
402 2035 615 2130 frequenter
644 2033 798 2129 impellit
828 2053 867 2106 ut
896 2036 1014 2114 cadat.
1037 2051 1074 2106 et
1096 2050 1245 2106 reuocat
1267 2034 1301 2106 in
1318 2037 1384 2106 du·
1422 2061 1455 2126 ις

261 2141 362 2213 bium
380 2143 584 2222 veritatem,
604 2141 786 2213 subintrat
799 2142 930 2213 iterum
946 2168 1009 2213 cor
1025 2141 1187 2213 mulieris
1198 2141 1383 2214 dubitatio

263 2249 384 2330 noxia,
418 2275 464 2320 ne
494 2249 587 2320 sorte
616 2247 668 2318 sic
698 2248 827 2320 luisset
855 2248 981 2344 imago
1011 2275 1033 2320 a
1062 2248 1244 2345 principio
1264 2248 1384 2320 consi-

261 2372 387 2453 gnata.
447 2356 499 2427 At
523 2354 594 2426 Dei
625 2354 751 2437 virtus,
774 2380 821 2426 ne
851 2356 1008 2452 primum
1039 2371 1299 2427 contemnatur
1319 2357 1384 2426 mi·

262 2464 437 2541 raculum.
460 2462 564 2534 addit
593 2464 809 2534 secundum.
869 2463 1058 2535 Continuo
1080 2489 1238 2558 namque
1260 2462 1383 2558 dispa-

261 2569 427 2641 rentibus
443 2568 511 2640 illis
527 2569 652 2665 signis,
673 2570 811 2641 nudata
826 2568 1029 2666 privilegiis
1049 2568 1174 2665 imago
1191 2569 1379 2653 remansit,
1412 2595 1455 2642 20
1559 2614 1560 2661 t

262 2694 301 2747 ut
330 2702 396 2771 per
423 2701 585 2771 sequens
614 2675 762 2773 signum
794 2677 964 2772 probatio
985 2676 1088 2748 fieret
1108 2677 1379 2772 praecedentis.

261 2782 346 2854 Vidi
369 2782 577 2855 maritatam
609 2783 703 2855 hanc
732 2784 930 2855 virtutibus
950 2785 1116 2878 plenam;
1138 2784 1224 2866 vidi,
1248 2784 1377 2866 fateor,

261 2892 330 2961 sub
345 2890 523 2961 saeculari
540 2906 642 2963 veste
659 2892 824 2962 animum
841 2888 991 2962 Christo
1007 2890 1092 2962 Deo
1108 2908 1378 2962 consecratum.

347 3019 402 3067 10.
435 2998 473 3068 ln
504 3013 646 3068 tantum
667 2999 714 3068 ab
736 2998 816 3093 ipso
838 2997 1037 3069 nativitatis
1054 2998 1210 3069 exordio
1230 3023 1381 3069 sensua-

260 3102 355 3174 libus
383 3103 601 3175 rudimentis
629 3121 667 3175 et
696 3103 837 3199 grossis
866 3104 1188 3199 phantasmatibus
1217 3105 1381 3176 humana
1411 3128 1450 3193 25

259 3209 354 3280 ratio
383 3210 553 3287 irretitur.
588 3227 626 3281 ut
655 3210 923 3307 imaginatione
961 3210 1160 3307 fluctivaga
1197 3211 1380 3306 quidquid

260 3316 487 3388 credendum
518 3336 574 3389 est
604 3335 760 3413 cogatur
781 3318 1007 3413 quandoque
1037 3317 1073 3389 in
1103 3319 1255 3388 dubium
1276 3342 1380 3389 revo-

260 3446 355 3495 care.
415 3424 571 3518 Propter
590 3425 691 3519 quud
712 3450 785 3496 non
817 3426 929 3495 modo
949 3442 1160 3495 sanctorum
1181 3442 1289 3521 gesta
1317 3426 1380 3495 mi-

259 3531 360 3603 rifica
389 3530 537 3602 difficile
568 3531 762 3607 credimus.
787 3532 853 3603 sed
883 3532 1102 3627 plerumque
1129 3531 1164 3602 in
1192 3534 1304 3602 rebus
1324 3556 1380 3604 sa·

259 3638 344 3710 lutis
375 3638 509 3709 multos
540 3640 675 3733 patitur
704 3638 830 3710 obices
859 3639 938 3734 ipsa
968 3638 1072 3714 fides,
1130 3638 1260 3709 Frater
1279 3638 1380 3709 enim
1411 3666 1453 3730 30
1559 3674 1560 3677 ¹

258 3745 410 3840 quidam
442 3744 570 3816 ordine
601 3744 730 3823 minor,
749 3745 871 3816 officio
888 3743 1132 3840 praedicator,
1154 3744 1228 3816 vita
1248 3743 1380 3815 solem·

260 3851 325 3935 nis,
350 3852 406 3923 cui
437 3851 590 3923 tirmiter
618 3867 697 3922 erat
726 3854 772 3923 de
802 3852 939 3922 sanctis
968 3852 1205 3947 stigmatibus
1231 3876 1382 3946 persua·

259 3984 351 4039 sum,
375 3960 462 4030 dum
495 3959 551 4030 uel
582 3977 759 4030 consueta
788 3957 964 4053 sequitur,
997 3957 1054 4030 vel
1083 3975 1189 4030 extra
1215 3957 1377 4040 miratur,

259 4065 387 4162 incipit
416 4066 462 4136 de
492 4066 609 4137 sancti
640 4065 817 4137 miraculo
837 4063 1078 4136 dubitationis
1099 4064 1271 4160 scrupulo
1297 4064 1381 4137 titil-

259 4172 335 4243 lari.
395 4171 553 4243 Videres
589 4198 755 4267 pugnam
792 4172 827 4243 iu
865 4198 933 4244 suo
972 4173 1096 4243 animo
1125 4172 1377 4255 constitutam,
1412 4197 1453 4263 35
1559 4212 1560 4215 ¹

259 4278 485 4349 defendente
515 4278 657 4350 ratione
686 4278 852 4351 veritatis
881 4295 1037 4374 partem.
1070 4277 1265 4375 ingerente
1286 4304 1381 4350 sem-

259 4407 326 4474 per
345 4376 569 4454 contrarium
590 4383 796 4477 phantasia.
841 4385 950 4456 Ponit
969 4386 1062 4457 ratio
1083 4385 1206 4456 multis
1226 4384 1379 4456 admini-

1555 4270 1560 4377 l
