3142 4875
264 344 342 415 330
642 346 811 395 LEGENDA
841 346 1007 396 SECUNDA

1115 458 1383 468 ———-

260 579 361 652 tione
390 579 562 678 gavisum
592 580 781 654 hominem
801 598 878 654 tam
907 581 1002 655 felici
1022 582 1381 679 promissione-bea-

260 687 364 759 tum?
421 688 573 781 Quanta
611 713 685 760 non
719 689 839 760 solum
873 689 1063 784 patientia,
1099 716 1228 764 verum
1266 692 1380 768 etiam

260 794 453 876 charitate,
487 795 588 867 illum
623 795 745 867 credis
773 794 941 890 corporis
971 796 1160 870 molestias
1188 799 1381 895 amplexa·

259 900 361 972 turn?
418 901 532 974 Novit
547 900 628 999 ipse
648 901 760 974 modo
779 902 955 998 perfecte,
978 904 1066 999 quia
1085 902 1272 978 indicibile
1291 922 1380 979 tunc

259 1006 385 1081 dicere
413 1007 482 1080 sibi
512 1008 588 1082 fuit.
646 1007 788 1081 Retulit
816 1025 942 1081 tamen
971 1008 1082 1082 sociis
1109 1036 1230 1108 pauca
1258 1029 1298 1085 ut
1316 1038 1380 1109 po·
1412 1043 1430 1109 5

259 1114 339 1185 tuit.
398 1115 547 1188 Laudes
566 1114 615 1187 de
635 1115 817 1188 creaturis
836 1131 924 1187 tunc
944 1117 1127 1211 quasdam
1156 1119 1377 1215 composuit,

259 1237 298 1293 et
317 1246 382 1294 eas
402 1236 604 1318 utcumque
627 1221 675 1295 ad
698 1223 917 1295 Creatorem
940 1221 1166 1296 laudandum
1195 1225 1377 1298 accendit.

454 1568 523 1640 De
559 1567 772 1640 transitu
809 1567 966 1642 sancti
1003 1567 1178 1664 patris.

379 1746 583 1860 [Quomodo
602 1754 774 1827 hortatus
792 1765 846 1826 est
850 1755 1002 1847 fratres
1021 1765 1055 1826 et
1073 1754 1262 1827 benedixit

634 1852 794 1967 infirm}
853 1859 1003 1933 CLXII.
1417 1898 1458 1945 10

342 2099 426 2165 214.
460 2075 499 2146 ln
529 2074 602 2148 fine
631 2074 801 2158 hominis
819 2075 871 2148 ait
886 2074 1046 2171 sapiens,
1070 2074 1273 2147 denudatio
1293 2099 1381 2172 ope·

259 2207 339 2253 rum
370 2181 479 2258 illius:
514 2181 615 2278 quod
655 2183 690 2254 in
719 2197 851 2254 sancto
884 2181 955 2253 isto
992 2181 1156 2278 gloriose
1194 2181 1380 2254 cernimus

259 2314 342 2362 esse
357 2287 594 2386 completum.
654 2289 727 2381 Qui
751 2289 1012 2361 mandatorum
1032 2287 1106 2359 Dei
1125 2287 1223 2361 viam
1245 2290 1380 2361 mentis

258 2394 447 2469 alacritate
477 2420 708 2492 percurrens,
740 2421 808 2494 per
837 2394 1002 2468 omnium
1032 2395 1209 2467 virtutum
1238 2395 1380 2494 gradus

259 2504 307 2575 ad
335 2528 481 2575 summa
509 2502 689 2600 pervenit,
710 2519 748 2576 et
775 2503 879 2574 velut
906 2501 1045 2575 ductile
1064 2527 1168 2599 opus,
1201 2504 1270 2575 sub
1291 2502 1379 2574 mul·
1414 2540 1452 2606 15

258 2609 393 2706 tiplicis
420 2608 668 2682 tribulationis
702 2609 836 2682 malleo
874 2609 921 2682 ad
959 2608 1228 2705 perlectionem
1265 2609 1378 2681 addu-

258 2736 349 2802 ctus,
371 2717 493 2788 omnis
512 2716 843 2789 consummationis
863 2714 954 2788 vidit
974 2715 1096 2788 finem.
1150 2715 1258 2787 Tunc
1279 2716 1377 2788 enim

258 2825 379 2921 magis
407 2822 487 2895 eius
525 2822 678 2895 mirifica
713 2848 829 2918 opera
867 2822 1110 2905 colluxerunt,
1142 2840 1180 2895 et
1213 2822 1378 2894 divinum

259 2930 370 3003 luisse
399 2955 511 3002 omne
540 2928 641 3026 quod
672 2930 773 3012 vixit,
799 2930 966 3003 veritatis
995 2928 1125 3001 inditio
1153 2928 1262 3012 iulsit,
1294 2955 1378 3001 cum

258 3039 355 3110 vitae
384 3034 550 3109 mortalis
578 3036 728 3110 calcatis
757 3036 949 3119 illecebris
981 3037 1074 3108 liber
1102 3035 1221 3109 evasit
1245 3036 1292 3108 ad
1321 3061 1378 3108 su·
1409 3071 1454 3118 20
1564 3106 1565 3113 ,

257 3169 379 3241 peros.
437 3145 535 3217 Nam
550 3145 690 3216 mundo
703 3143 830 3217 vivere
850 3144 957 3217 duxit
976 3143 1229 3240 opprobrium,
1248 3143 1379 3215 dilexit

258 3276 346 3323 suos
385 3251 422 3322 in
459 3250 582 3332 finem,
624 3267 781 3324 mortem
818 3251 1005 3324 cantando
1034 3250 1209 3347 suscepit.
1281 3249 1378 3323 Cum
1564 3322 1565 3341 χ

261 3357 395 3456 [enim]
426 3357 473 3430 ad
503 3356 583 3429 dies
612 3356 684 3429 iam
714 3358 983 3454 propinquaret
1010 3372 1210 3440 extremos
1244 3355 1378 3454 quibus
1558 3345 1565 3433 l

259 3465 385 3538 tinibili
414 3464 496 3537 luce
524 3464 714 3537 subtracta
742 3462 805 3536 lux
835 3482 1016 3561 perpetua
1044 3464 1279 3547 succedebat,
1308 3464 1378 3535 vir-

258 3572 347 3643 tutis
375 3569 549 3667 exemplo
579 3571 799 3643 monstravit
825 3570 937 3667 .quod
976 3569 1064 3642 nihil
1102 3594 1299 3644 commune
1328 3570 1377 3643 illi
1408 3605 1450 3672 25

258 3696 338 3751 erat
357 3703 442 3751 cum
463 3678 616 3756 mundo.
674 3679 877 3750 Confectus
903 3702 1064 3773 namque
1084 3675 1297 3749 infirmitate
1317 3677 1378 3750 illa
1564 3758 1565 3775 χ

258 3805 333 3858 tam
362 3785 479 3883 gravi,
503 3811 599 3881 quae
628 3785 730 3858 omni
759 3782 930 3882 languori
960 3783 1150 3866 conclusit,
1173 3809 1286 3880 super
1315 3811 1378 3856 nu·
1564 3780 1565 3843 l

257 3896 343 3965 clam
373 3893 525 3964 humum
556 3917 597 3965 se
628 3893 802 3987 [nudum]
834 3891 920 3963 iecit
948 3890 1096 3987 deponi,
1128 3907 1168 3962 ut
1196 3892 1289 3964 hora
1318 3891 1378 3965 illa

256 4016 435 4083 extrema,
462 3998 498 4071 in
527 4024 602 4096 qua
630 4014 778 4096 poterat
806 3998 928 4070 adhuc
957 3998 1075 4070 hostis
1103 3997 1222 4082 irasci,
1256 3999 1378 4070 nudus
1420 4035 1424 4041 ·
1564 4002 1565 4071 l

257 4110 459 4179 luctaretur
496 4132 580 4178 cum
622 4105 733 4178 nudo.
790 4104 1038 4203 Triumphum
1076 4130 1209 4177 revera
1245 4131 1377 4201 exspe·
1408 4138 1452 4205 30

329 4340 351 4376 2.
374 4326 393 4377 R
415 4323 555 4385 Quantum
621 4325 645 4377 8.
667 4325 697 4376 ll
715 4341 762 4376 om.
777 4324 938 4394 De-patris
1006 4323 1092 4376 12.M
1102 4323 1225 4390 glorioso
1293 4325 1380 4390 15.M

257 4404 328 4456 ccnit
384 4404 460 4471 23.A
472 4404 553 4473 igitur
608 4403 824 4475 27.Rlanguore
880 4404 1008 4457 28Aom.
1021 4402 1124 4456 nudum
1179 4402 1378 4473 3o.Rluctaret
