3142 4875
618 366 723 414 ΒΕΑΤΙ
753 366 939 415 FRANCIsct
1264 361 1335 433 245

221 474 480 483 -η

222 597 358 671 leniter
385 598 433 671 ad
462 597 668 671 orationem
698 622 907 695 assurgere,
938 616 979 671 ut
1007 598 1193 671 sociorum
1222 599 1343 671 nullus

222 704 283 777 vel
306 721 522 803 surgentem
543 704 761 802 perciperet,
782 703 842 778 vel
862 720 1042 777 orantem.
1090 704 1185 778 Sero
1204 719 1341 794 tamen,

223 837 311 884 cum
341 812 389 885 ad
418 811 554 885 lectum
573 812 738 896 veniret,
760 810 922 884 sonitum
951 827 990 884 et
1018 811 1123 907 quasi
1148 812 1343 908 strepitum

223 916 396 1003 faciebat,
419 935 460 991 ut
477 944 567 991 suus
586 920 634 991 ab
654 918 827 991 omnibus
846 916 1045 991 sentiretur
1063 918 1264 991 accubitus.

642 1134 824 1140 ᾑ-
832 1137 839 1142 ,
845 1135 907 1142 ..u--

173 1355 186 1418 5
295 1326 496 1424 [Quomodo
523 1330 708 1423 opuscopus
737 1330 927 1401 iuvouz'ous
956 1331 1078 1426 ipsum
1105 1341 1270 1403 orontem

460 1442 602 1539 loquela
621 1444 804 1538 priuatus
830 1444 909 1543 ort}
967 1445 1102 1518 LXVI.

307 1677 390 1726 100.
423 1655 568 1728 Orante
595 1672 726 1728 sancto
755 1656 956 1729 Francisco
991 1655 1027 1728 in
1064 1654 1148 1728 loco
1176 1658 1223 1729 de
1252 1657 1342 1729 Por-

219 1761 398 1844 tiuncula,
430 1761 588 1860 contigit
615 1762 833 1859 episcopum
862 1763 996 1835 Assisii
1022 1762 1150 1835 venire
1177 1763 1227 1836 ad
1255 1788 1341 1837 eum

220 1867 461 1952 familiariter,
493 1885 533 1940 ut
567 1884 647 1941 erat
683 1869 824 1955 solitus
855 1869 1091 1942 visitandum.
1150 1870 1226 1963 Qui
1255 1894 1342 1943 mox

150 2002 190 2047 10
220 1991 259 2046 ut
290 1973 415 2047 locum
444 1973 662 2071 ingreditur,
694 1976 742 2048 ad
772 1973 1073 2075 cellamblsancti]
1100 1976 1221 2049 minus
1241 2001 1342 2049 reve-

220 2096 347 2154 renter
377 2105 451 2154 non
480 2097 635 2154 vocatus
664 2083 819 2166 accedit,
858 2082 1043 2180 pulsoque
1070 2082 1204 2156 ostiolo
1234 2083 1342 2156 intra-

219 2204 345 2260 turum
364 2213 406 2260 se
426 2187 572 2286 ingerit.
629 2189 679 2261 Et
707 2214 796 2262 ecce
815 2189 904 2261 dum
925 2206 1036 2288 caput
1056 2190 1228 2274 immittit,
1255 2214 1342 2263 san-

220 2312 398 2391 ctumque
414 2311 583 2368 orantem
600 2295 728 2381 cernit,
742 2312 897 2393 repente
913 2322 999 2369 eum
1015 2297 1338 2382 concutittremor,

220 2417 258 2474 et
290 2400 550 2501 obrigentibus
590 2403 768 2476 membris
809 2403 921 2477 etiam
963 2402 1149 2502 loquelam
1192 2402 1338 2478 amittit.

151 2536 189 2599 15
220 2509 353 2582 Subito
382 2511 572 2584 voluntate
601 2510 675 2583 Dei
704 2513 873 2607 pervim
910 2512 1008 2584 loras
1043 2510 1272 2609 propellitur,
1303 2527 1341 2584 et

220 2617 443 2715 retrogrado
471 2618 568 2714 pede
596 2616 725 2713 procul
753 2618 960 2691 abducitur.
1019 2619 1145 2693 Credo
1172 2620 1231 2692 vel
1261 2618 1341 2716 ipse

220 2722 399 2820 indignus
428 2739 507 2795 erat
526 2748 703 2797 arcanum
723 2723 811 2798 illud
830 2725 1024 2823 inspicere,
1046 2723 1105 2798 vel
1126 2724 1184 2800 ille
1203 2725 1341 2822 dignus

219 2830 324 2925 quod
352 2845 525 2903 tenuerat
552 2829 636 2928 plus
671 2848 811 2904 tenere.
869 2832 1108 2928 Stupesactus
1142 2833 1342 2930 episcopus

219 2936 318 3009 redit
346 2938 394 3010 ad
423 2937 566 3022 fratres
598 2955 636 3011 et
671 2938 792 3035 primo
820 2940 937 3012 verbo
973 2938 1118 3037 culpam
1148 2940 1342 3012 consessus

149 3064 191 3109 20
219 3042 405 3139 loquelam
435 3060 640 3142 recuperat.

642 3258 909 3267 *ψῃ-

347 3456 550 3550 [Quomodo
577 3456 731 3550 quodum
759 3455 870 3527 obbas
897 3457 1012 3527 sensit
1038 3456 1214 3527 uirtutem

511 3571 691 3643 orationis
719 3570 827 3668 rius]⁸
889 3570 1041 3641 LXVII.

307 3805 390 3855 101.
421 3783 509 3856 Alio
538 3800 710 3880 tempore
740 3784 898 3881 contigit
923 3784 1097 3856 abbatem
1124 3772 1339 3856 monasterii

217 3889 345 3962 Sancti
377 3890 504 3963 lustini
534 3892 581 3963 de
611 3891 830 3987 episcopatu
859 3890 1000 3963 Perusii
1030 3889 1181 3963 obviare
1209 3904 1340 3962 sancto

147 4022 185 4089 25
217 3996 431 4082 FranciscO,
463 3997 525 4094 qui
556 3999 603 4069 de
632 4022 732 4093 equo
761 3998 930 4070 celeriter
959 3997 1193 4070 descendens
1220 4022 1341 4094 pauca

216 4103 263 4176 de
294 4106 415 4177 salute
443 4104 589 4178 animae
619 4130 708 4177 suae
737 4104 892 4177 contulit
925 4129 1008 4176 cum
1037 4105 1183 4176 eodem.
1241 4103 1339 4176 Tan·

290 4349 329 4387 10.
349 4333 476 4401 ut]llin
527 4335 552 4386 A
573 4334 725 4387 amsancti
803 4333 1094 4388 11-12.Rintraturus
1171 4350 1209 4403 15.
1231 4333 1336 4387 Μυο-

216 4413 280 4465 mini
355 4415 518 4483 24.lustini]
540 4417 568 4467 ,ll
588 4414 709 4467 Severini
1124 4430 1128 4438 ¹
