3142 4875
270 324 340 394 168
635 347 810 398 onosunn
839 346 1012 398 secunus

263 582 413 655 citatem
442 597 674 680 supportent,
696 583 754 655 vel
783 582 958 681 dirigant,
986 597 1026 655 ut
1053 583 1134 655 eius
1162 582 1211 655 de
1238 608 1315 679 quo
1343 583 1385 656 fit

263 714 388 762 sermo
416 689 624 762 reverentia
644 687 771 762 illaesa
790 704 969 762 servetur.
1028 689 1212 761 Memoria
1241 706 1379 774 nostra,

262 794 364 869 velut
391 795 585 868 hominum
613 795 760 868 rudium
790 796 970 891 temporis
993 794 1206 893 prolixitate
1235 797 1380 882 obtusa,

263 903 372 1000 fugas
400 901 589 975 subtilium
609 903 809 975 verborum
837 901 917 975 eins
937 919 975 976 et
995 903 1176 975 factorum
1197 902 1383 1000 stupenda

262 1009 463 1106 praeconia
492 1009 620 1105 nequit
639 1009 837 1106 attingere,
860 1034 958 1105 quae
986 1009 1122 1082 mentis
1150 1009 1380 1081 exercitatae
1415 1032 1432 1096 ς

260 1114 441 1188 velocitas
460 1114 573 1188 etiam
594 1140 718 1188 coram
739 1115 863 1211 posita
882 1115 1203 1211 comprehendere
1231 1117 1293 1188 vix
1321 1141 1381 1188 va·

262 1222 364 1295 leret.
424 1222 590 1294 Excuset
605 1221 718 1320 igitur
732 1222 833 1318 apud
853 1247 985 1295 omnes
1005 1238 1155 1295 nostrae
1171 1221 1380 1318 imperitiae

262 1328 390 1425 culpas
418 1328 575 1426 repetita
605 1327 793 1401 multoties
821 1327 1084 1425 praecipientis
1112 1329 1324 1401 auctoritas.

345 1459 378 1506 2.
397 1435 575 1507 Continet
589 1433 764 1531 inprimis
776 1434 1077 1532 hocopusculum
1093 1434 1278 1531 quaedam
1295 1460 1381 1507 con-

261 1542 443 1614 versionis
461 1542 596 1635 [sancti
612 1542 642 1613 F
645 1541 818 1637 rancisci]
844 1542 942 1614 sacta
957 1541 1120 1625 mirifica,
1139 1566 1236 1637 quae
1259 1540 1377 1640 [ideo]
1415 1569 1457 1613 10

262 1648 298 1720 in
326 1647 498 1746 legendis
513 1648 654 1721 dudum
674 1648 721 1719 de
750 1649 833 1744 ipso
852 1647 1032 1721 consectis
1052 1672 1126 1719 non
1150 1649 1297 1720 luerunt
1316 1673 1379 1744 ap·

261 1754 394 1850 posita,
409 1755 585 1851 quoniam
602 1754 649 1827 ad
665 1753 828 1826 auctoris
848 1754 1017 1827 notitiam
1034 1753 1186 1827 minime
1201 1780 1381 1851 pervene-

261 1877 357 1935 runt.
415 1860 564 1933 Dehinc
592 1886 683 1933 vero
718 1860 930 1957 exprimere
967 1860 1195 1933 intendimus
1223 1876 1261 1934 et
1289 1860 1380 1959 vigi-

261 1967 349 2041 lanti
378 1967 503 2040 studio
522 1968 712 2041 declarare
733 1992 831 2063 quae
859 1968 1081 2040 sanctissimi
1101 1968 1218 2064 patris
1236 1983 1314 2041 tam
1342 1968 1379 2039 in

262 2100 303 2147 se
333 2100 444 2171 quam
476 2074 512 2146 in
541 2074 619 2147 suis
647 2072 958 2147 luerit‘voluntas
985 2076 1096 2159 bona,
1127 2074 1380 2171 beneplacens
1414 2104 1452 2168 ις

261 2198 298 2254 et
317 2181 492 2278 perfecta,
515 2180 550 2252 in
572 2180 673 2252 omni
699 2172 886 2253 exercitio
904 2179 1122 2277 disciplinae
1151 2180 1323 2254 caelestis
1342 2196 1380 2253 et

260 2313 429 2360 summae
448 2286 688 2384 perfectionis
702 2285 837 2370 studio,
855 2288 957 2383 quod
973 2312 1123 2384 semper
1136 2287 1266 2360 habuit
1279 2286 1380 2383 apud

260 2394 387 2467 Deum
402 2394 439 2467 in
458 2394 574 2467 sacris
592 2392 786 2466 affectibus
813 2409 851 2467 et
869 2393 970 2490 apud
995 2392 1166 2467 homines
1186 2392 1223 2466 in
1255 2418 1380 2467 exem-

260 2500 340 2598 plis.
399 2499 580 2573 Miracula
606 2499 792 2597 quaedam
823 2501 1101 2584 interseruntur,
1124 2517 1236 2597 prout
1254 2526 1295 2573 se
1315 2526 1379 2597 po·

220 2667 222 2670 .
262 2606 372 2679 nendi
401 2605 660 2704 opportunitas
685 2607 802 2680 offert.
861 2606 958 2680 Exili
995 2606 1153 2703 proinde
1189 2605 1313 2680 studio
1341 2623 1380 2680 et
1410 2639 1452 2684 20

259 2712 438 2786 mediocri
459 2738 555 2810 quae
575 2729 775 2787 occurrunt
804 2713 1059 2797 describimus
1091 2712 1285 2811 cupientes
1304 2729 1377 2786 tar-

259 2819 426 2892 dioribus
446 2844 588 2893 morem
617 2845 751 2918 gerere
770 2836 809 2892 ct
828 2820 941 2893 etiam
960 2818 1137 2893 studiosis
1165 2819 1325 2917 placere,
1348 2820 1378 2892 si

259 2951 470 3023 possumus.
529 2926 693 3000 Oramus
712 2952 816 3024 erg0,
839 2926 1109 3024 benignissime
1124 2942 1241 3023 pater,
1265 2942 1305 3000 nt
1323 2928 1377 3000 la-

258 3032 360 3106 boris
389 3032 498 3106 huius
527 3058 601 3106 non
631 3033 907 3106 contemnenda
927 3035 1155 3117 munuscula,
1178 3058 1277 3130 quae
1303 3058 1377 3105 non

258 3164 381 3237 pauco
409 3139 536 3212 labore
564 3140 827 3237 quaesivimus
849 3156 974 3212 vestra
1001 3139 1265 3213 benedictione
1294 3165 1379 3212 con·
1409 3171 1447 3236 25

258 3271 407 3320 secrare
433 3245 564 3332 velitis,
597 3245 821 3344 corrigendo
850 3262 982 3331 errata,
1005 3263 1043 3320 et
1071 3247 1260 3344 superflua
1280 3271 1378 3320 rese·

257 3368 396 3438 cantes
429 3369 469 3426 ut
497 3379 543 3427 ea
571 3379 669 3450 quae
697 3352 916 3427 benedicta
942 3370 1068 3426 vestro
1096 3353 1234 3427 iudicio
1263 3354 1375 3426 docto

257 3461 473 3556 probantur,
497 3486 582 3533 cum
611 3460 761 3533 nomine
789 3475 915 3533 vestro
935 3485 1024 3533 vere
1054 3459 1272 3534 Crescentio
1302 3485 1378 3533 crc-

257 3583 365 3639 scant
393 3567 543 3663 ubique,
565 3583 604 3640 et
632 3565 923 3663 multiplicentur
950 3566 987 3639 in
1017 3567 1179 3640 Christo.
1238 3567 1377 3644 Amen.

617 3754 795 3850 Explicit
816 3756 1006 3851 prologus.
1410 3783 1450 3847 30

331 4031 370 4070 10.
389 4016 415 4070 A
428 4034 477 4071 orn.
491 4017 576 4070 sancti
597 4016 735 4069 Francisci
783 4016 858 4086 ideo]
874 4017 1013 4071 Adudum
1025 4017 1065 4072 sed
1080 4025 1202 4072 cassatim
1288 4033 1328 4071 12.
1349 4017 1382 4070 M

256 4096 356 4151 actoris
429 4111 516 4167 20-30
535 4097 568 4150 M
584 4114 634 4150 om.
654 4096 724 4150 Exili
736 4125 752 4136 -
764 4096 892 4168 prologus
