3142 4875
611 374 888 425 PROLEGOMENA
1239 376 1312 423 XXV

252 595 402 662 Thomas
428 597 638 663 Franciscom
666 596 770 663 virum
801 594 1000 684 penitissime
1035 595 1229 663 catholicum
1258 595 1312 663 de·

184 702 298 790 pinxit.
338 702 537 769 Neocriticis
555 723 631 768 vero
649 700 826 789 praeplacet
842 700 1018 789 quemdam
1034 705 1198 768 somniare
1215 701 1313 769 Fran·

184 808 306 874 ciscum
329 807 599 874 haereticantium
625 805 886 874 Reformatorum
903 829 985 893 pene
1009 828 1262 893 praecursorem,
1283 828 1315 874 et

186 914 263 980 hinc
294 914 448 980 Tbomae
476 913 654 981 detrectant
683 914 810 1000 scripta,
842 913 957 1000 quibus
992 914 1103 980 inanes
1129 913 1314 981 huiusmodi

185 1015 418 1089 somniationes
443 1021 592 1088 radicitus
609 1041 891 1108 praeoccupantur.
940 1022 1013 1086 Hoc
1029 1039 1137 1106 aperte
1153 1018 1314 1088 declarare

187 1150 253 1194 non
268 1147 414 1215 possunt,
440 1129 562 1193 etenim
584 1149 697 1194 sensus
720 1126 855 1192 intimos
879 1126 985 1214 palam
1010 1126 1220 1213 praeferendo
1245 1150 1312 1194 non

188 1236 230 1301 ita
254 1234 345 1301 facile
376 1235 532 1302 lectorem
555 1233 748 1321 deciperent,
771 1232 827 1300 sed
856 1256 1019 1300 venenum
1043 1232 1169 1326 publice
1193 1234 1219 1300 si
1244 1256 1312 1300 non

188 1341 368 1429 propinant,
403 1339 482 1406 illud
515 1339 665 1407 instillare
692 1357 852 1427 satagunt,
877 1339 1146 1407 insinuationibus
1179 1359 1311 1408 utuntur

187 1469 253 1513 non
274 1445 541 1514 declarationibus
555 1446 722 1534 explicitis.
764 1446 971 1512 Franciscum
991 1447 1096 1512 virum
1112 1469 1240 1512 summe
1259 1470 1310 1513 ca·

187 1553 345 1619 tbolicum
364 1552 515 1619 rebellem
540 1551 636 1619 fuisse
660 1550 817 1619 affirmare
833 1576 900 1619 non
918 1553 1036 1631 valent,
1055 1552 1110 1620 sed
1127 1553 1309 1620 rebellionis

186 1683 301 1728 sensus
320 1662 353 1726 in
377 1683 417 1727 eo
437 1658 609 1748 aliquando
629 1658 725 1726 fuisse
745 1679 918 1727 susurrant.
967 1661 1035 1744 Qui
1059 1660 1184 1729 dicebat
1199 1663 1309 1750 primis

185 1764 334 1833 fratribus
365 1790 447 1855 quos
470 1768 499 1833 ei
528 1765 658 1832 dederat
689 1767 791 1834 Deus:
829 1765 981 1833 «Euntes
1014 1766 1053 1832 ad
1085 1787 1221 1834 matrem
1249 1790 1307 1834 no·

186 1893 284 1940 stram
322 1891 466 1939 sanctam
502 1871 683 1941 Romanam
720 1871 909 1952 Ecclesiam,
942 1871 1145 1941 notificemus
1170 1874 1309 1941 Summo

187 1978 338 2045 Pontifici
361 1977 450 2067 quod
471 1979 634 2045 Dominus
658 2000 714 2066 per
731 1998 792 2045 nos
817 1977 919 2044 facere
945 1980 1060 2067 coepit,
1085 2000 1118 2045 ut
1143 1980 1309 2046 voluntate

186 2106 218 2152 et
230 2105 401 2175 praecepto
416 2085 498 2152 illius
515 2084 603 2173 quod
619 2085 788 2172 coepimus
804 2106 1037 2173 prosequamur
1053 2109 1083 2166 »3
1094 2087 1127 2138 (¹)
1152 2109 1217 2152 non
1242 2104 1311 2152 tan·

184 2216 283 2282 quam
306 2191 411 2259 filiurn
435 2194 546 2259 animo
570 2191 692 2259 volenti
716 2191 880 2260 subditum
901 2191 1091 2281 depingunt,
1106 2192 1162 2259 sed
1179 2192 1224 2258 uti
1240 2194 1309 2259 vin-

183 2319 272 2367 ctum
297 2317 329 2366 et
360 2300 393 2365 in
417 2301 569 2366 servitute
600 2297 776 2365 redactum.
828 2297 895 2377 Qui
928 2300 960 2366 in
992 2299 1206 2367 Testamento
1237 2322 1308 2380 suo,

183 2405 270 2495 quod
295 2406 375 2472 tanti
399 2402 503 2473 facere
525 2404 684 2486 videntur,
715 2404 796 2472 nihil
823 2405 905 2472 adeo
920 2429 967 2473 xse
991 2408 1103 2474 timere
1127 2405 1309 2476 manifestat

182 2536 278 2602 quam
296 2512 380 2578 filios
396 2511 513 2580 habere
536 2535 603 2579 non
619 2535 698 2598 pure
722 2513 910 2593 catholicos,
934 2515 1038 2602 etqui
1062 2514 1191 2581 volebat
1215 2516 1306 2596 tales,

183 2622 209 2686 si
233 2618 314 2687 forte
337 2621 460 2687 inventi
476 2618 619 2698 fuissent,
639 2638 794 2707 tanquam
810 2618 961 2686 homines
977 2621 1009 2687 in
1026 2622 1161 2688 vinculis
1177 2620 1230 2688 diu
1246 2645 1306 2689 no·

184 2746 300 2815 ctuque
316 2725 478 2807 custodiri,
492 2726 597 2794 donec
612 2748 720 2793 coram
739 2726 884 2793 Domino
902 2726 1066 2794 Hostiensi
1084 2753 1100 2788 <r
1112 2730 1165 2815 qui
1184 2747 1232 2794 est
1244 2729 1301 2795 do·

185 2835 301 2913 minus,
322 2851 482 2921 protector
511 2838 542 2899 'et
574 2849 734 2899 corrector
757 2833 856 2898 totius
887 2829 1128 2899 fraternitatis»
1157 2855 1306 2919 praesen·

184 2959 334 3020 tarentur,
360 2937 519 3028 effingunt
542 2962 560 3004 a
584 2938 681 3007 Curia
706 2940 854 3007 Romana
878 2937 1038 3018 delusum,
1058 2958 1089 3004 et
1105 2938 1201 3005 verba
1224 2962 1307 3027 quae

184 3069 381 3135 negarenon
407 3065 552 3134 possunt,
571 3045 728 3133 explicare
752 3068 820 3111 non
845 3043 1036 3111 erubescunt
1061 3062 1128 3111 tum
1146 3046 1309 3133 pusillani-

184 3154 294 3219 mitate
310 3153 447 3240 spiritus,
466 3171 535 3218 tum
553 3151 753 3218 frustratione
769 3153 1049 3238 exspectationum
1062 3174 1144 3239 quae
1160 3152 1220 3217 sibi
1237 3175 1305 3218 ma·

184 3261 232 3348 gis
252 3258 338 3326 cordi
357 3278 457 3338 erant,
476 3278 545 3324 tum
565 3256 688 3325 infracti
705 3259 803 3324 animi
821 3257 1016 3338 lassitudine,
1035 3257 1144 3324 aliisve
1162 3260 1307 3345 gratuitis

184 3365 454 3433 insinuationibus
478 3388 559 3454 quae
582 3365 743 3431 sincerum
767 3365 911 3431 criticum
938 3365 1078 3430 maxime
1095 3363 1261 3441 dedecent.

250 3474 349 3541 Hunc
374 3472 579 3540 Cardinalem
605 3472 812 3538 Hostiensem
832 3473 887 3559 qui
909 3493 1046 3538 «revera
1070 3469 1306 3540 ferventissime

183 3604 217 3647 se
241 3579 352 3646 habuit
372 3579 454 3645 circa
477 3602 534 3645 eos
558 3579 780 3667 (Franciscum
806 3598 837 3644 et
860 3577 987 3666 fratres)
1020 3600 1056 3643 ac
1079 3581 1106 3644 si
1129 3598 1213 3644 esset
1236 3603 1306 3644 om·

184 3687 276 3753 nium
289 3707 378 3773 pater
392 3685 460 3764 »,(²)
473 3705 508 3752 ut
532 3685 701 3772 principale
729 3685 847 3752 Curiae
873 3685 1039 3754 Romanae
1054 3685 1303 3751 instrumentum

183 3794 216 3859 in
236 3791 421 3859 deludendo
445 3811 476 3858 et
495 3791 653 3881 captando
677 3792 905 3880 pauperculum
924 3792 1127 3857 franciscum
1154 3812 1305 3879 arguunt,

255 4008 299 4075 (t)
319 4006 378 4076 leg.
395 4025 407 4076 3
426 4005 492 4071 Soc,
508 4021 564 4075 cap.
581 4005 642 4067 Xll,
658 4007 715 4059 Act.
728 4007 779 4071 SS,
796 4005 838 4071 46.
853 4036 887 4044 -
901 4004 1033 4059 Consulto
1046 4005 1106 4059 lteic
1120 4006 1303 4059 testimonium

181 4095 269 4150 refero
286 4096 383 4148 Trium
408 4094 564 4157 Sociorum,
588 4113 704 4165 quorum
725 4095 886 4165 opusculum
908 4095 1039 4148 extollunt
1063 4094 1252 4164 Hypercritici,
1272 4097 1303 4149 il-

182 4188 282 4258 ludque
305 4198 436 4256 perpetuo
453 4185 559 4254 scriptis
573 4185 701 4238 Thontae
715 4197 896 4253 anteponunt.

252 4280 293 4345 (a)
315 4276 373 4347 Lag.
391 4294 404 4345 3
424 4274 488 4338 Soa,
508 4291 565 4345 cap.
585 4274 645 4338 XV,
666 4276 722 4328 Art.
741 4276 796 4339 SS.,
809 4273 853 4328 61.
871 4294 937 4328 a...
959 4275 1048 4325 Immo
1068 4273 1130 4343 plus
1150 4291 1231 4343 quam
1260 4291 1304 4343 pa·

182 4370 229 4421 tris
253 4365 368 4421 carnalis
393 4364 502 4418 dilectio
521 4366 553 4416 ad
574 4365 697 4418 carnales
724 4364 793 4417 filios
822 4381 851 4417 se
880 4362 1036 4416 naturaliter
1064 4364 1200 4430 extendar,
1228 4379 1308 4414 arnor

182 4458 261 4511 liuius
281 4454 457 4526 spiritualiter
476 4451 598 4507 efferbuit
617 4456 650 4507 ad
670 4454 759 4507 virum
774 4452 827 4506 Dei
848 4470 909 4506 cum
929 4452 984 4504 suis
1004 4452 1162 4505 fratribus».

291 4651 306 4693 C
