3142 4875
256 546 359 642 quod
379 546 525 618 cuidam
547 545 626 619 viro
655 545 842 645 religiosO,
873 549 1041 621 Roberto
1069 549 1229 633 nomine,
1248 550 1385 622 beatus

258 652 479 726 Franciscus
506 654 698 749 apparuit;
729 680 751 726 a
781 680 857 750 quo
880 681 964 728 cum
985 655 1280 753 interrogaretur
1299 657 1385 753 quis

259 775 368 844 esset,
400 760 610 857 respondit:
642 761 729 858 Ego
744 787 825 833 sum
843 761 1073 847 Franciscus,
1096 763 1157 860 qui
1179 765 1383 859 quemdam

259 867 419 939 amicum
442 893 566 940 meum
596 884 793 941 sanaturus
821 869 968 942 adveni.

345 994 428 1066 115.
451 975 491 1046 ln
511 973 635 1047 Sicilia
655 975 856 1071 quemdam
887 978 1038 1048 nomine
1057 976 1218 1060 Petrum,
1241 976 1383 1073 puden·
1416 1006 1434 1069 5

259 1081 392 1153 dorum
421 1106 574 1154 suorum
603 1082 815 1178 ruptionem
853 1082 1014 1155 subitam
1048 1084 1264 1180 patientem,
1296 1108 1382 1155 cum

259 1213 299 1260 se
329 1187 563 1284 promitteret
591 1213 658 1261 sua
687 1187 813 1261 limina
835 1190 994 1274 visitare,
1027 1190 1179 1263 mirifice
1199 1190 1380 1263 liberavit.

412 1517 473 1589 De
499 1518 612 1588 caecis
640 1527 674 1588 et
699 1517 830 1588 surdis
857 1527 891 1589 et
917 1518 1044 1589 mutz‘s.
1103 1517 1212 1591 XIV.
1271 1586 1280 1605 ,

348 1731 430 1798 116.
463 1725 504 1798 ln
533 1741 719 1799 conventu
751 1726 903 1799 fratrum
932 1727 979 1799 de
1009 1728 1179 1825 Neapoli,
1203 1755 1287 1802 cum
1307 1729 1383 1826 qui·

261 1836 348 1909 dam
377 1834 499 1917 frater,
523 1833 711 1906 Robertus
731 1831 892 1917 nomine,
920 1858 1054 1907 caecus
1081 1836 1188 1909 annis
1217 1836 1386 1934 plurimis
1421 1858 1463 1905 10

261 1942 475 2025 exstitisset,
507 1939 623 2013 crevit
652 1941 688 2011 in
717 1941 834 2016 oculis
864 1940 943 2013 eius
972 1965 1058 2014 caro
1087 1943 1285 2039 superflua,
1308 1968 1386 2015 mo-

263 2067 341 2121 tum
370 2065 408 2120 et
437 2073 544 2120 usum
583 2046 792 2144 impediens
820 2047 1094 2144 palpebrarum.
1153 2049 1250 2122 Cum
1270 2049 1386 2148 igitur

263 2157 394 2230 iratres
422 2154 601 2238 forenses,
623 2155 672 2226 ad
691 2154 859 2227 diversas
879 2155 1006 2227 mundi
1027 2171 1152 2252 partes
1171 2157 1381 2242 tendentes,

263 2262 401 2336 ibidem
416 2260 562 2358 plurimi
578 2262 852 2342 convenissent,
871 2263 1003 2334 beatus
1023 2279 1130 2358 pater
1148 2263 1381 2346 Franciscus,

262 2368 486 2443 obedentiae
518 2384 670 2442 sanctae
703 2368 894 2466 speculum
933 2386 972 2442 et
1007 2371 1209 2467 exemplar,
1250 2387 1290 2444 ut
1318 2396 1385 2445 eos
1423 2393 1459 2458 ¹5

263 2477 428 2549 miraculi
457 2473 622 2549 novitate
651 2476 863 2549 hortaretur
881 2476 929 2549 ad
951 2477 1028 2559 iter,
1060 2477 1292 2574 praedictum
1316 2479 1385 2552 lra-

262 2603 358 2657 trem
387 2582 476 2680 ipsis
505 2583 764 2679 praesentibus
793 2582 855 2656 tali
886 2585 998 2656 modo
1022 2585 1177 2658 sanavit.
1235 2586 1387 2659 lacebat

265 2709 375 2764 nocte
413 2691 574 2786 quadam
613 2690 724 2763 irater
759 2690 948 2763 Robertus
982 2715 1099 2789 aeger
1126 2693 1174 2764 ad
1213 2710 1382 2774 mortem,

266 2801 414 2893 iamque
447 2795 516 2869 sibi
553 2797 672 2868 luerat
706 2797 830 2869 anima
866 2798 1138 2882 commendata,
1178 2825 1262 2871 cum
1296 2825 1387 2872 ecce

264 2905 407 2978 adstitit
434 2903 467 2976 ei
497 2905 628 2976 beatus
664 2920 771 3000 pater
808 2929 891 2976 cum
928 2904 1045 2977 tribus
1082 2905 1255 2979 iratribus
1283 2907 1385 2979 omni
1419 2930 1462 2975 20

264 3010 460 3085 sanctitate
490 3010 673 3107 perlectis,
702 3010 876 3084 videlicet
904 3026 1034 3083 sancto
1061 3012 1240 3097 Antonio
1273 3014 1386 3086 fratre

265 3118 481 3216 Augustino
497 3134 534 3190 et
558 3117 669 3191 fratre
692 3118 828 3189 lacobo
850 3117 897 3190 de
921 3117 1078 3201 Assisi0‚
1100 3120 1162 3215 qui
1183 3119 1278 3192 sicut
1298 3146 1386 3193 eum

264 3227 429 3324 perlecte
459 3225 604 3297 fuerant
632 3224 758 3307 secuti,
777 3226 865 3296 dnm
901 3224 1078 3305 viverent,
1119 3227 1168 3299 ita
1196 3244 1235 3299 et
1263 3227 1385 3324 ipsnm

265 3332 435 3406 alacriter
453 3330 734 3415 comitabantur,
754 3349 839 3427 post
861 3349 1029 3405 mortem.
1088 3334 1291 3429 Accipiens
1313 3336 1387 3406 cul-

265 3441 392 3513 tellum
421 3454 572 3511 sanctus
601 3439 833 3521 FranciscuS,
865 3464 1013 3511 carnem
1043 3439 1268 3537 superfluam
1289 3467 1385 3514 rese·
1419 3463 1454 3527 25

266 3548 373 3630 cavit,
391 3546 516 3620 lumen
532 3545 691 3618 restituit
706 3544 911 3642 pristinum,
925 3572 947 3618 a
963 3546 1092 3618 mortis
1106 3572 1192 3620 eum
1209 3548 1315 3621 sauce
1331 3574 1387 3621 re·

266 3655 381 3727 duxit.
431 3653 612 3749 Dixitque
632 3653 695 3725 illi:
715 3652 783 3725 Fili
799 3653 975 3735 Roberte,
988 3653 1119 3750 gratia,
1134 3679 1246 3751 quam
1263 3672 1385 3728 tecum

266 3761 346 3844 leci,
378 3761 528 3858 signum
557 3777 614 3832 est
643 3759 815 3831 fratribus
843 3760 891 3831 ad
912 3776 1075 3832 remotas
1105 3762 1275 3835 nationes
1298 3787 1388 3834 eun-

266 3871 364 3942 tibus
393 3869 493 3964 quod
523 3891 597 3965 ego
624 3866 847 3964 praecedam
875 3892 941 3939 eos
968 3883 1004 3939 et
1033 3867 1198 3964 ipsorum
1227 3868 1388 3967 dirigam

265 4001 429 4074 gressus.
488 3972 649 4057 Vadant,
662 3973 790 4070 inquit,
803 3973 1013 4071 gaudenter
1029 3992 1067 4046 et
1082 3975 1283 4048 iniunctam
1299 3977 1387 4048 obe·
1423 4001 1463 4064 30

236 4082 443 4165 ⁴dientiam
472 4081 583 4153 alacri
612 4080 737 4153 animo
757 4097 1020 4176 exsequantur.
1079 4082 1280 4155 Gaudeant
1300 4083 1388 4155 obe-

264 4188 427 4261 dientiae
447 4187 519 4269 lilii,
536 4188 735 4283 praecipue
756 4188 818 4285 qui
835 4186 954 4259 solum
971 4189 1163 4286 proprium
1178 4188 1390 4285 relinquen-

263 4311 331 4379 tes,
353 4294 537 4366 terrestris
557 4294 699 4389 patriae
719 4312 805 4365 sunt
830 4294 944 4379 obliti,
967 4295 1054 4391 quia
1083 4296 1216 4368 ducem
1245 4295 1390 4369 habent

264 4399 486 4472 tndustrium
502 4417 540 4472 et
555 4399 749 4473 sollicitum
769 4426 1062 4499 praecessorem.
