3142 4875
275 361 349 428 226
651 381 823 429 Lucuuon
851 381 1018 431 secuunn

273 490 384 496 ,---.-
417 491 583 497 ..-....,....
1023 486 1393 496 ——.---————

302 720 544 818 [Exemplum
563 721 687 791 suncti
701 722 744 791 de
758 721 913 814 petendu
931 719 1180 817 eleemosyna].
1246 719 1361 791 XLII.

355 956 413 1026 7²·
436 935 495 1007 Ne
514 934 573 1007 vel
592 936 709 1007 semel
728 950 893 1007 sanctam
915 933 1013 1006 illam
1034 959 1210 1031 sponsam
1230 933 1390 1006 offende-

272 1059 336 1125 ret,
360 1043 431 1113 hoc
452 1042 575 1114 facere
595 1040 724 1113 solitus
749 1057 830 1113 erat
858 1065 988 1112 servus
1009 1039 1110 1140 [Dei]
1142 1040 1294 1113 excelsi
1351 1039 1389 1112 Si

271 1148 450 1244 quando
442 1147 618 1220 invitatus
646 1173 668 1219 a
696 1148 868 1224 dominis
890 1148 1029 1220 mensis
1053 1164 1152 1220 esset
1180 1147 1390 1245 profusiori

271 1258 340 1326 bus
369 1256 619 1336 honorandus,
639 1252 741 1351 prius
768 1280 836 1350 per
855 1253 1084 1351 propinquas
1104 1253 1308 1326 vicinorum
1329 1254 1389 1326 do·
1419 1294 1438 1357 5

273 1386 353 1432 mos
381 1385 521 1456 panum
551 1361 760 1458 fragmenta
790 1362 1003 1457 quaerebat,
1024 1385 1069 1433 ac
1098 1361 1288 1434 deinde
1259 1385 1312 1432 stc
1341 1359 1390 1433 di·

272 1484 370 1539 tatus
413 1465 538 1562 inopia
581 1468 779 1539 festinabat
820 1468 1053 1539 accumbere.
1134 1468 1390 1564 Interrogatus

272 1573 499 1668 quandoque
520 1599 585 1645 cur
604 1574 743 1646 faceret
763 1572 872 1654 istud,
892 1574 1163 1669 respondebat:
1186 1575 1258 1647 Pro
1279 1575 1389 1646 feudo

271 1681 319 1752 ad
348 1680 479 1752 boram
508 1704 689 1753 concesso
718 1680 987 1752 haereditatem
1017 1679 1189 1752 stabilem
1214 1706 1256 1753 se
1285 1681 1389 1752 relin-

271 1812 387 1883 quere
417 1785 524 1860 nolle.
582 1788 797 1883 Paupertas,
827 1786 956 1882 inquit,
993 1803 1049 1859 est
1082 1812 1179 1883 quae
1206 1788 1389 1860 haeredes
1420 1825 1466 1872 10

271 1912 308 1965 et
328 1919 440 1991 reges
469 1893 575 1991 regni
600 1895 787 1966 caelorum
810 1892 975 1976 instituit,
1000 1918 1073 1965 non
1104 1895 1217 1966 falsae
1242 1910 1389 1966 vestrae

270 2001 432 2073 divitiae.

698 2150 963 2157 ————.—

298 2327 538 2424 [Excrrzplum
568 2327 667 2422 quod
678 2328 776 2422 serit
805 2329 845 2398 ἐκ
873 2329 982 2399 ctcrziz
1010 2328 1158 2399 donzr‘nt'
1186 2329 1369 2400 Ostiensis

333 2454 367 2512 cl
393 2443 436 2513 de
462 2469 530 2512 suu
562 2444 788 2537 responsione
815 2444 869 2515 ud
894 2443 1144 2542 Episcopum}
1202 2443 1334 2516 XLIII.

354 2674 372 2743 7
380 2678 412 2745 3.
446 2652 541 2725 Cum
570 2653 808 2725 venerandae
839 2653 1042 2726 memoriae
1071 2654 1211 2750 Papam
1241 2655 1391 2751 Grego·
1421 2689 1461 2753 15

270 2762 376 2843 rium,
407 2759 529 2831 adhuc
559 2759 594 2831 in
632 2760 764 2832 minori
795 2760 920 2833 officio
948 2760 1201 2844 constitutum,
1224 2760 1391 2834 visitaret

269 2866 430 2961 quadam
460 2866 541 2939 vice
570 2884 720 2939 sanctus
749 2867 981 2949 Franciscus‚
1006 2867 1167 2940 instante
1196 2866 1269 2940 iarn
1299 2869 1389 2940 hora

270 2972 520 3057 comestionis,
543 2999 611 3070 pro
631 2973 882 3068 eleemosynis
905 2974 1016 3058 vadit,
1040 2991 1078 3048 et
1097 2974 1247 3047 rediens
1276 2977 1390 3047 frusta

270 3079 364 3176 nigri
394 3079 501 3177 panis
528 3105 641 3176 super
671 3080 846 3176 Episcopi
877 3106 1006 3153 mensa
1035 3080 1236 3176 componit.
1303 3083 1389 3176 Quo

267 3188 348 3258 riso
376 3187 645 3283 aliquantulum
673 3187 946 3259 verecundatur
975 3188 1195 3284 Episcopus,
1228 3191 1390 3262 maxime
1418 3222 1457 3267 20

269 3311 422 3390 propter
441 3295 617 3366 convivas
639 3294 784 3365 noviter
812 3291 997 3366 invitatos.
1055 3295 1245 3391 Acceptas
1264 3312 1389 3368 autem

269 3403 529 3496 eleemosynas
565 3418 673 3498 pater
716 3401 892 3472 militibus
934 3418 972 3473 et
1014 3402 1215 3498 capellanis
1257 3427 1390 3475 conve-

245 3508 458 3581 scentibus
488 3507 585 3580 Iaeto
607 3506 706 3578 vultu
737 3506 934 3590 distribuit,
970 3534 1064 3604 quas
1098 3507 1259 3580 universi
1297 3510 1390 3580 mira

269 3615 469 3687 devotione
498 3614 714 3710 suscipiunt,
747 3612 805 3686 alii
837 3617 1088 3697 comedentes,
1119 3613 1179 3686 alii
1209 3615 1258 3687 ob
1287 3640 1388 3687 reve·

269 3722 425 3793 rentiam
445 3738 691 3794 reservantes.
733 3720 856 3793 Finita
875 3722 1105 3794 comestione
1124 3721 1285 3793 surrexit
1304 3720 1390 3819 Epi·
1416 3753 1451 3817 25

268 3853 414 3923 scopus
445 3843 483 3900 et
511 3826 711 3900 Introrsum
741 3827 861 3898 virum
891 3827 963 3899 Dei
996 3853 1201 3909 assumens,
1234 3828 1390 3901 elevatis

268 3935 429 4007 brachiis
457 3935 691 4031 amplexatus
710 3950 768 4006 est
787 3960 884 4006 eum.
944 3935 995 4006 Mi
1018 3935 1139 4018 frater,
1163 3933 1292 4031 inquit,
1325 3960 1390 4007 cur

269 4040 384 4113 fecisti
415 4041 504 4113 mihi
533 4039 797 4113 verecundiam
828 4042 864 4113 in
893 4041 1016 4126 d0m0,
1043 4067 1141 4138 quae
1169 4058 1234 4114 tua
1262 4058 1320 4115 est
1352 4056 1390 4114 et

270 4148 421 4219 fratrum
441 4164 600 4231 tuorum,
624 4162 663 4217 ut
682 4171 751 4242 pro
771 4145 1021 4243 eleemosynis
1041 4148 1137 4221 ires?
1184 4149 1247 4221 Ad
1278 4174 1388 4245 quem

343 4375 365 4410 z.
386 4362 409 4413 A
430 4359 487 4411 Nec
541 4359 636 4411 Mum.
652 4356 736 4409 semel
812 4359 941 4426 3.Aom.
957 4358 1009 4410 Dei
1081 4355 1391 4426 6.quaerebat]Mpe·

270 4437 341 4489 rebat
414 4438 667 4492 11.Mom.vestrae
741 4437 823 4504 19.M
833 4453 956 4490 mensam
1027 4450 1068 4506 29.
1080 4436 1389 4505 tuorum]MmInorum

1563 4132 1566 4325 I

1551 4674 1564 4825 ,Ι
