3142 4875
683 332 856 382 LEGENDA
883 332 994 381 PRIMA

369 592 425 658 14.
456 566 601 641 Videns
619 582 744 640 autem
768 582 877 664 pater
896 566 997 663 quod
1024 566 1074 639 ab
1102 567 1252 663 incepto
1270 564 1405 641 itinere

281 675 402 772 ipsum
423 699 600 747 revocare
629 699 703 746 non
731 691 871 771 posset,
893 688 994 746 totus
1022 674 1070 746 ad
1103 674 1404 770 extorquendam

278 781 477 879 pecuniam
506 780 715 879 instigatur.
772 780 1066 854 Desideraverat
1083 780 1139 852 vir
1158 780 1232 853 Dei
1260 806 1345 854 eam
1365 781 1402 853 in

279 914 486 986 pauperum
515 887 614 959 victu
643 904 682 960 et
709 886 804 960 illius
832 888 902 960 loci
923 886 1101 960 aedificiis
1125 903 1242 960 totam
1263 913 1402 984 expen-

279 996 370 1070 dere
398 1021 442 1068 ac
479 995 671 1090 praebere.
702 993 779 1067 Sed
815 995 877 1090 qui
911 994 1108 1090 pecuniam
1147 1019 1223 1066 non
1250 995 1403 1068 amabat
1432 1025 1448 1089 5

281 1103 379 1176 nulla
407 1103 454 1175 de
483 1102 564 1198 ipsa
584 1100 709 1197 specie
737 1101 825 1173 boni
846 1100 967 1197 decipi
997 1116 1130 1197 potest.
1153 1118 1193 1174 et
1216 1101 1278 1196 qui
1300 1102 1401 1175 nullo

279 1209 395 1305 ipsius
437 1209 674 1281 detinebatur
718 1207 853 1280 affectu
886 1209 934 1280 ad
967 1208 1047 1280 eius
1079 1207 1320 1281 amissionem
1363 1207 1400 1281 in

279 1315 402 1412 aliquo
423 1341 497 1389 non
516 1316 698 1388 turbatur.
756 1315 912 1388 Inventa
940 1313 1066 1410 itaque
1094 1315 1263 1411 pecunia,
1285 1340 1399 1411 quam

279 1424 464 1495 maximus
491 1438 724 1495 terrenorum
745 1437 983 1517 contemptor
1002 1437 1040 1494 et
1068 1420 1283 1494 caelestium
1310 1421 1401 1495 divi-

278 1530 412 1603 tiarum
442 1527 550 1601 nimis
579 1527 736 1626 cupidus
763 1526 971 1624 exquisitor
998 1527 1034 1601 in
1064 1528 1255 1625 pulverem
1284 1545 1323 1602 et
1350 1530 1399 1603 se·
1433 1560 1473 1604 10

279 1652 442 1709 nestram
479 1651 707 1722 excusserat,
742 1633 944 1709 saevientis
980 1636 1097 1732 patris
1127 1634 1399 1731 aliquantulum

277 1742 527 1841 exstinguitur
542 1745 652 1826 lutor,
670 1757 708 1815 et
726 1741 905 1816 avaritiae
920 1741 999 1815 sitis
1015 1741 1239 1814 inventionis
1258 1768 1399 1840 vapore

277 1866 480 1946 utcumque
522 1847 767 1947 restringitur.
806 1849 921 1921 Ducit
962 1875 1048 1921 eum
1092 1849 1228 1922 deinde
1271 1875 1398 1923 coram

275 1958 455 2054 episcopo
484 1957 652 2039 civitatis,
679 1957 773 2029 utin
796 1955 911 2052 ipsius
931 1956 1101 2029 manibus
1129 1955 1302 2029 omnibus
1317 1956 1398 2029 eius

275 2064 492 2137 renuntians
507 2062 754 2148 facultatibus
772 2061 898 2135 omnia
914 2063 1088 2135 redderet
1103 2088 1201 2158 quae
1221 2064 1395 2136 habebat.
1433 2094 1443 2136 r
1451 2095 1469 2157 ς

276 2171 390 2265 Quod
411 2195 485 2243 non
504 2171 625 2244 solum
646 2171 725 2267 ipse
746 2194 821 2243 non
840 2169 972 2253 renuit,
991 2171 1058 2242 sed
1077 2186 1116 2242 et
1131 2170 1287 2242 multum
1306 2196 1399 2268 gau·

275 2278 368 2350 dens
384 2294 559 2374 prompto
579 2276 704 2350 animo
723 2275 947 2350 acceleravit
966 2277 1088 2349 iacere
1108 2276 1305 2373 postulata.

362 2405 417 2477 15.
451 2386 706 2482 [Contemptus
734 2385 1001 2480 verecundiae]
1060 2383 1233 2480 Cumque
1262 2384 1398 2480 perdu-

275 2509 357 2566 ctus
384 2508 484 2565 esset
512 2518 639 2565 coram
672 2493 863 2589 episcope,
895 2517 964 2564 nec
998 2516 1123 2564 moras
1156 2491 1295 2588 patitur
1328 2517 1397 2564 nec

275 2614 469 2672 cunctatur
492 2600 540 2672 de
558 2599 703 2696 aliqu0;
726 2599 840 2672 immo
870 2624 939 2671 nec
967 2599 1082 2671 verba
1102 2614 1298 2694 exspectat
1327 2624 1397 2671 nec
1428 2626 1472 2674 20

274 2707 370 2790 lacit,
402 2709 469 2779 sed
490 2706 667 2780 continuo
686 2705 867 2803 depositis
890 2722 928 2778 et
948 2704 1123 2803 proiectis
1142 2704 1316 2778 omnibus
1336 2731 1397 2780 ve-

272 2813 456 2886 stimentis
471 2812 630 2886 restituit
650 2838 695 2886 ea
713 2814 821 2909 patri.
840 2814 997 2909 Insuper
1015 2829 1053 2884 et
1074 2814 1178 2907 [nec]
1202 2809 1397 2889 femoralia

272 2920 437 2993 retinens
464 2936 565 2993 totus
585 2946 710 2993 coram
730 2919 904 2993 omnibus
931 2918 1152 2991 denudatur.
1183 2919 1396 3017 Episcopus

272 3053 362 3100 vero
390 3026 555 3100 animum
579 3026 694 3125 ipsius
722 3028 932 3107 attendens,
954 3027 1216 3123 fervoremque
1245 3052 1288 3098 ac
1309 3053 1396 3100 con·

272 3134 446 3207 stantiam
467 3134 576 3208 nimis
599 3133 797 3217 admirans,
820 3133 990 3230 protinus
1009 3134 1221 3206 exsurrexit
1241 3150 1278 3206 et
1298 3134 1397 3208 inter
1425 3161 1468 3227 25

270 3242 424 3315 brachia
452 3267 519 3315 sua
555 3241 677 3339 ipsum
706 3241 941 3338 recolligens,
971 3239 1093 3337 pallio.
1130 3266 1206 3336 quo
1242 3239 1395 3315 indutus

272 3365 361 3431 erat,
394 3348 558 3421 contexit
588 3374 683 3421 eurn.
742 3347 928 3421 Intellexit
955 3365 1085 3445 aperte
1113 3346 1279 3420 divinum
1310 3373 1394 3421 esse

271 3454 478 3553 consilium,
507 3473 545 3528 et
565 3457 662 3529 sacta
689 3455 757 3527 viri
786 3455 871 3541 Dei,
902 3480 999 3551 quae
1028 3453 1325 3550 praesentialiter
1344 3456 1394 3528 vi-

270 3563 386 3640 derat.
410 3563 588 3659 cognovit
607 3563 826 3658 mysterium
847 3561 1048 3634 continere.
1076 3563 1213 3635 Factus
1232 3579 1291 3634 est
1310 3588 1394 3660 pro·

268 3685 399 3766 pterea
427 3670 606 3766 deinceps
626 3670 774 3742 adiutor
793 3668 883 3753 eiuS,
915 3686 953 3741 et
976 3669 1108 3741 sovens
1136 3669 1257 3765 ipsum
1278 3685 1393 3767 atque
1423 3696 1466 3761 30

338 3913 526 3979 ultitimum
602 3913 879 3985 5.AS,RSedquia
953 3912 977 3967 6.
998 3914 1039 3975 ll,
1060 3912 1153 3976 P,W
1169 3929 1216 3983 spe
1236 3914 1300 3966 boni
1355 3916 1391 3981 Ε,

269 3996 302 4047 Os
313 3994 436 4046 umboni
488 3998 546 4049 Rer
556 3994 617 4065 quia
691 4010 716 4062 9.
729 3994 764 4047 Os
773 4012 821 4047 om.
836 4006 1006 4064 contemptor
1081 4009 1120 4047 10.
1134 3994 1158 4047 Ε
1171 4007 1198 4046 ut
1211 3995 1353 4064 pulverem
1365 3999 1392 4049 in

267 4073 371 4127 Pdum
391 4073 424 4127 se.
518 4092 556 4144 13.
576 4074 637 4139 AS,
658 4074 692 4137 P,
715 4076 734 4128 R
754 4074 927 4142 restinguitur
1025 4088 1115 4143 13-14.
1138 4077 1157 4128 l<
1176 4075 1208 4125 ad
1230 4076 1390 4146 episcopum

270 4157 557 4219 14.ASom.ornnibus
616 4156 821 4222 15.0shaberet
878 4156 1181 4226 18-19.A5productus
1237 4160 1391 4211 20-21.n'ec

267 4234 342 4302 lacit]
364 4237 409 4288 AS
427 4249 455 4288 ut
473 4236 553 4289 saciat
626 4252 669 4292 21.
689 4234 765 4306 lacit]
789 4238 807 4289 R
827 4235 895 4287 lacta
951 4237 995 4289 AS
1012 4254 1060 4290 omi
1081 4236 1209 4288 omnibus
1283 4251 1326 4290 22.
1345 4240 1394 4292 AS

268 4313 349 4365 eriam
370 4331 419 4366 nec
476 4317 496 4368 B
514 4333 570 4367 non
644 4332 684 4384 23.
705 4316 840 4383 omnibus]
860 4318 888 4368 ,tl
904 4316 1061 4369 hominibus
1134 4332 1176 4382 24.
1194 4318 1229 4371 Os
1248 4317 1391 4372 intendens

270 4407 310 4461 25.
331 4394 378 4446 AS
396 4396 563 4448 consurrexit
636 4399 678 4449 26.
697 4397 727 4449 H
744 4395 877 4465 colligens
950 4411 1046 4467 29-30.
1068 4397 1096 4450 H
1114 4408 1250 4467 praeterea
