3142 4875
244 344 319 415 130
640 345 813 395 Lacuunn
841 345 954 394 Pruna

289 460 295 465 .
299 456 1089 465 .-——-—-..-——.-——-—-—-——-—--——
1093 457 1288 464 ——-
1292 456 1360 464 --.

237 580 350 676 tiquis
379 579 609 655 mirabilibus
637 577 845 651 Ecclesiam
876 578 949 651 Dei
969 576 1095 651 videat
1123 577 1302 662 innovari,
1325 595 1364 651 et

238 688 310 760 hoc
339 687 376 759 in
405 685 479 757 filio
507 710 586 769 su0,
610 710 722 781 quem
742 710 850 759 sacro
878 683 1041 782 portavit
1069 684 1105 757 in
1131 702 1248 769 utero,
1271 684 1363 758 fovit

238 794 274 865 in
304 792 461 891 gremio
492 791 644 865 lactavit
671 792 787 864 verbo
816 809 855 864 et
886 792 1060 864 educavit
1097 791 1182 864 cibo
1217 790 1358 864 salutis.

237 899 410 972 Audiunt
428 914 467 971 et
485 897 622 971 caeteri
652 900 827 971 custodes
855 897 1058 982 Ecclesiae,
1081 915 1250 995 pastores
1278 924 1361 995 gre·

238 1006 307 1103 gis,
340 1004 425 1077 fidei
455 1005 683 1089 defensores,
705 1004 816 1078 amici
845 1004 983 1101 sponsi,
1007 1004 1238 1078 collaterales
1266 1004 1358 1090 eiuS,
1391 1034 1409 1098 5

239 1111 367 1185 mundi
397 1109 578 1194 cardines,
595 1111 831 1184 venerabiles
861 1111 1090 1184 Cardinales.
1150 1112 1361 1208 Congratu-

239 1217 361 1290 lantur
389 1217 592 1302 Ecclesiae,
616 1218 858 1314 congaudent
886 1220 1021 1314 Papae,
1045 1217 1256 1315 glorificant
1284 1217 1362 1295 Sal·

237 1340 417 1407 vatorem,
449 1324 512 1420 qui
541 1350 687 1396 summa
716 1340 754 1396 et
782 1324 956 1397 ineffabili
990 1323 1183 1421 sapientia,
1215 1350 1361 1397 summa

238 1448 276 1503 et
304 1429 669 1527 incomprehensibili
699 1431 831 1527 gratia,
859 1456 1005 1502 summa
1033 1449 1071 1502 et
1100 1430 1359 1504 inaestimabili

237 1538 414 1621 bonitate,
446 1536 559 1610 stulta
578 1553 617 1609 et
642 1536 823 1633 ignobilia
851 1537 978 1609 mundi
1008 1539 1134 1635 elegit,
1163 1554 1202 1608 ut
1231 1538 1283 1609 sic
1311 1538 1362 1610 ad
1395 1566 1432 1611 ro

239 1669 279 1715 se
307 1643 414 1717 sortia
441 1644 573 1716 trahat.
625 1643 746 1715 Audit
770 1660 809 1715 et
835 1642 1029 1740 applaudit
1055 1642 1220 1716 totalitas
1247 1643 1358 1726 orbis,

239 1766 276 1823 et
296 1749 468 1822 universa
488 1750 705 1822 monarchia
726 1748 930 1822 catholicae
961 1750 1046 1822 fidei
1075 1776 1212 1847 parens
1235 1776 1363 1846 super-

237 1858 405 1929 abundat
431 1857 582 1953 gaudio,
606 1873 644 1928 et
673 1873 803 1930 sancta
829 1856 1085 1929 consolatione
1115 1857 1359 1952 perfunditur.

324 1988 407 2035 122.
430 1961 506 2035 Sed
534 1963 575 2035 fit
602 1962 726 2036 subita
755 1962 950 2035 conversio
978 1989 1113 2047 rerum,
1135 1982 1173 2036 et
1193 1988 1290 2037 nova
1310 1965 1362 2036 in·

236 2070 345 2143 terim
375 2096 487 2144 causa
507 2069 668 2167 emergit
698 2070 733 2141 in
763 2071 915 2141 mundo.
972 2068 1164 2142 Turbatur
1191 2071 1361 2166 protinus
1394 2099 1431 2162 15

236 2176 339 2273 pacis
369 2176 581 2256 iucundum,
611 2194 649 2248 et
677 2176 948 2248 exardescente
986 2175 1146 2249 invidiae
1176 2178 1265 2261 sace,
1298 2178 1361 2251 do-

237 2283 393 2355 mestico
422 2299 459 2355 et
488 2283 665 2355 intestino
698 2282 796 2355 bello
825 2281 995 2357 Ecclesia
1031 2283 1225 2356 laceratur.
1283 2284 1361 2357 Ro-

237 2389 347 2474 mani,
372 2388 590 2463 seditiosum
610 2388 802 2462 hominum
823 2415 945 2487 genus
965 2407 1003 2463 et
1022 2391 1138 2474 ferox,
1162 2390 1197 2463 in
1218 2389 1361 2464 vicinos

237 2522 285 2570 ex
314 2522 417 2569 more
447 2497 677 2579 desaeviunt,
709 2513 747 2569 et
775 2495 963 2569 temerarii
992 2498 1041 2569 ad
1069 2514 1200 2570 sancta
1228 2523 1361 2570 manus

188 2609 190 2612 ’
237 2604 456 2696 extendunt.
515 2602 649 2676 Studet
677 2605 857 2700 egregius
887 2605 989 2699 Papa
1017 2605 1226 2701 Gregorius
1255 2630 1361 2677 exor-
1389 2633 1434 2679 20

238 2726 313 2782 tam
344 2735 584 2806 compescere
613 2710 801 2794 malitiam,
828 2710 1022 2783 saevitiam
1051 2711 1264 2807 reprimere,
1296 2711 1360 2783 im-

237 2834 366 2913 petum
390 2832 611 2913 temperare,
635 2832 673 2888 et
693 2819 794 2889 velut
823 2817 1071 2890 munitissima
1089 2817 1200 2890 turris
1220 2817 1359 2890 Christi

237 2938 362 3005 tuetur
390 2923 610 2996 Ecclesiam.
667 2922 788 2996 Multa
825 2923 990 3019 pericula
1022 2924 1212 3021 ingruunt.
1244 2925 1361 2997 exitia

238 3029 354 3102 multa
372 3031 622 3113 crebrescunt,
646 3047 683 3101 et
702 3030 883 3102 adversus
902 3030 1027 3104 Deum
1047 3030 1192 3127 reliquo
1212 3030 1248 3103 in
1268 3032 1360 3104 orbe

237 3152 477 3232 peccatorum
515 3137 643 3208 cervix
679 3136 846 3233 erigitur.
910 3136 1012 3231 Quid
1047 3136 1171 3210 enim?
1236 3137 1360 3235 Expe-
1388 3163 1430 3228 25

235 3241 458 3315 rientissime
488 3242 610 3316 lutura
642 3242 852 3327 dimetiens,
883 3245 1098 3340 praesentia
1131 3244 1357 3341 ponderans,

236 3348 424 3421 seditiosis
459 3349 608 3446 reliquit
646 3349 798 3435 Urbem,
831 3367 870 3421 ut
903 3352 1033 3422 orbem
1061 3375 1083 3423 a
1112 3351 1360 3423 seditionibus

236 3454 367 3528 liberet
383 3472 421 3528 et
439 3456 628 3530 defendat.
686 3455 801 3529 Venit
814 3456 972 3553 proinde
987 3457 1035 3530 ad
1055 3455 1242 3530 civitatem
1264 3459 1361 3531 Rea·

236 3563 363 3648 tinam,
402 3562 463 3636 ubi
501 3562 704 3636 honorifice
743 3563 943 3660 suscipitur
977 3564 1072 3636 sicut
1109 3564 1234 3646 decet;
1272 3566 1360 3637 inde

311 3769 331 3807 1.
349 3754 488 3807 Pviderat
508 3754 632 3805 renovari
683 3754 713 3807 H
729 3754 859 3807 innovare
932 3759 955 3808 b.
978 3757 1030 3820 AS,
1052 3757 1087 3810 Os
1106 3774 1154 3808 om.
1174 3758 1295 3809 cardines
1314 3774 1358 3809 ve·

235 3834 369 3887 nerabiles
469 3833 549 3887 6-11.
573 3835 604 3886 H
626 3835 663 3886 tn·
690 3853 730 3886 om
763 3835 1118 3904 Congratulautur·trahat
1209 3852 1233 3904 7.
1257 3835 1358 3910 Papae]

235 3915 283 3968 As
294 3914 452 3983 provinciae
543 3913 566 3966 8.
589 3914 623 3967 Or
642 3914 688 3983 qui
709 3927 734 3966 et
755 3914 817 3967 incl.
909 3915 969 3985 8-9.
990 3915 1035 3969 As
1044 3957 1054 3982 ,
1074 3917 1095 3969 P
1112 3918 1242 3984 saplentia
1262 3931 1288 3969 et
1308 3919 1359 3970 inc.

238 4008 268 4046 12
297 3994 400 4064 Hpari
478 4009 517 4058 14.
537 3993 580 4062 fit]
596 3994 825 4060 A5s1c350m.
901 4011 994 4064 14-15.
1015 3997 1061 4049 AS
1080 3997 1203 4049 interitus
1281 3995 1361 4050 16AE

235 4087 326 4125 mmet
377 4075 425 4127 AS
439 4074 597 4126 ardescente
649 4075 672 4127 E
691 4072 778 4136 fasce,·
800 4075 831 4127 H
850 4073 925 4129 faece
999 4091 1040 4129 20.
1057 4077 1217 4146 extendunt]
1235 4078 1281 4131 As
1298 4078 1361 4131 mit-

234 4164 294 4204 tunt
375 4168 417 4206 22.
436 4153 484 4207 AS
501 4171 549 4206 ont,
570 4153 672 4207 Christi
756 4172 797 4222 25.
819 4156 847 4208 H
865 4156 982 4226 erigitur.
1007 4157 1237 4225 Congratulautur
1256 4159 1314 4225 (etc.
1333 4166 1361 4211 ut

234 4233 505 4300 serprtrb-rr)trabat.
536 4234 812 4305 Auditetapplaudit.
844 4236 919 4300 Quid
931 4236 974 4288 ei?
1025 4237 1195 4306 enim]Rest
1269 4235 1361 4291 zodi-

236 4310 363 4381 metiens]
381 4313 401 4365 R
417 4314 577 4366 denuntians
651 4330 693 4384 27.
709 4315 856 4385 seditiosis]
874 4315 1048 4370 Pseditionis
1122 4334 1163 4387 29.
1181 4319 1204 4371 Ε
1219 4332 1361 4390 susceptus

238 4401 278 4439 est
328 4392 375 4445 As
389 4392 466 4445 debet
