3142 4875
623 361 729 411 Rom
757 360 943 410 FRANOESCI
1269 359 1338 409 201

221 594 393 679 Gedeon,
416 591 580 665 lubricus
607 608 645 665 et
673 593 894 676 mundanus,
918 591 1131 666 infirmitate
1152 610 1345 691 correptus

221 717 260 773 et
280 699 472 771 doloribus
492 699 656 795 undique
676 699 946 795 circumseptus
966 698 1101 773 lectulo
1120 701 1355 774 decubabat.'

223 807 298 900 Qui
314 805 454 879 saciens
468 831 509 879 se
524 806 660 879 deferri
674 823 762 878 ante
781 823 953 878 sanctum
973 806 1214 878 Franciscum
1234 823 1346 904 rogat

223 939 309 985 cum
329 911 490 985 lacrimis
515 929 555 985 ut
582 913 630 985 ab
658 937 705 985 eo
725 911 845 984 crucis
870 910 1066 1014 signaculo
1092 913 1344 1010 consignetur.

167 1049 190 1115 5
223 1020 287 1092 Ad
305 1044 418 1115 quem
442 1035 612 1091 sanctus:
645 1018 742 1091 Cum
769 1017 908 1091 vixeris
935 1019 1021 1090 olim
1051 1021 1256 1092 secundum
1284 1021 1347 1093 de·

223 1126 359 1198 sideria
379 1124 510 1208 carnis
543 1150 617 1198 non
646 1124 785 1198 veritus
806 1125 941 1198 iudicia
969 1124 1054 1208 Dei,
1085 1126 1277 1222 quomodo
1307 1143 1345 1200 te

224 1257 333 1305 cruce
362 1231 546 1329 signabo?
602 1232 651 1303 Et
672 1231 812 1304 intulit:
835 1229 921 1328 Ego
940 1247 987 1315 te,
1010 1231 1072 1317 ait,
1094 1233 1205 1329 signo
1225 1232 1260 1304 in
1283 1258 1346 1305 no·

225 1339 324 1412 mine
345 1338 502 1421 Christi;
524 1355 564 1410 tu
584 1354 710 1411 tamen
730 1338 825 1411 scito
845 1352 881 1410 te
900 1338 1075 1435 graviora
1097 1364 1292 1435 passurum
1314 1339 1343 1412 si

224 1447 271 1516 ad
299 1444 479 1517 vomitum
509 1444 663 1517 redieris
683 1443 870 1517 liberatus.
930 1444 979 1516 Et
1007 1444 1229 1541 subdi[dit]:
1260 1447 1347 1518 Pro·

147 1577 194 1623 10
224 1567 307 1647 pter
325 1567 520 1647 peccatum
541 1550 819 1649 ingratitudinis
838 1576 987 1646 semper
1006 1550 1135 1648 peiora
1162 1550 1347 1648 prioribus

224 1658 439 1730 inferuntur.
497 1657 616 1755 Signo
636 1656 763 1753 itaque
782 1657 902 1730 crucis
922 1657 958 1729 in
977 1683 1064 1730 eum
1090 1659 1199 1742 sact0,
1221 1659 1347 1731 statim

224 1764 287 1860 qui
316 1780 528 1837 contractus
557 1764 720 1836 iacuerat
748 1764 909 1836 surrexit
937 1788 1060 1847 sanus
1083 1781 1121 1836 et
1140 1765 1177 1836 in
1198 1765 1346 1837 laudem

223 1895 488 1968 prorumpens:
519 1869 616 1967 Ego.
648 1870 709 1950 ait,
737 1896 820 1942 sum
853 1871 1040 1942 liberatus.
1099 1870 1348 1943 insonuerunt

224 1993 349 2049 autem
365 2001 452 2049 ossa
466 2001 598 2049 renum
612 1977 702 2060 eius
721 1975 959 2049 audientibus
975 1976 1110 2061 multis
1127 1975 1240 2049 veluti
1262 2002 1346 2049 cum

150 2108 192 2172 15
224 2109 335 2156 manu
369 2084 472 2181 ligna
500 2083 597 2156 sicca
626 2085 857 2180 franguntur.
924 2083 1057 2156 Paucis
1083 2100 1208 2155 autem
1239 2084 1347 2156 inter·

224 2189 337 2286 lapsis
370 2189 611 2287 temporibus,
648 2189 720 2263 Dei
750 2190 897 2270 oblitus,
929 2214 1065 2286 corpus
1094 2188 1346 2286 impudicitiae

224 2296 356 2368 reddit.
429 2295 503 2390 Qui
533 2321 617 2369 cum
653 2321 738 2369 sero
767 2297 931 2392 quodam
961 2312 1137 2368 coenaret
1166 2296 1202 2367 in
1232 2295 1346 2369 domo

223 2403 376 2476 alterius
404 2403 643 2477 concanonici
674 2404 740 2487 sui,
774 2421 958 2499 nocteque
987 2402 1047 2476 illa
1075 2402 1255 2476 dormiret
1283 2401 1348 2476 ibi-

224 2510 323 2596 dem,
340 2510 463 2582 subito
478 2536 591 2608 super
604 2535 736 2583 omnes
751 2510 889 2584 corruit
905 2526 1043 2582 tectum
1060 2513 1204 2583 domus,
1255 2510 1347 2583 Cae·

147 2640 195 2688 20
224 2617 314 2689 teris
332 2633 457 2689 autem
477 2617 723 2690 evadentibus
742 2634 911 2699 mortem,
935 2616 1036 2688 solus
1062 2617 1175 2689 miser
1193 2617 1347 2690 interce·

225 2739 311 2821 ptus
331 2739 444 2819 atque
473 2724 719 2819 interemptus
738 2740 806 2797 est.
865 2725 945 2796 Nec
961 2723 1105 2806 mirum,
1132 2725 1172 2805 si,
1201 2741 1242 2796 ut
1265 2748 1346 2797 san-

226 2847 308 2902 ctus
330 2829 432 2912 dixit,
456 2846 585 2903 secuta
604 2847 691 2902 sunt
710 2856 795 2903 eum
826 2828 953 2927 peiora
975 2830 1170 2926 prioribus,
1194 2856 1278 2903 cum
1299 2831 1347 2904 de

225 2960 382 3033 accepta
401 2937 510 3010 venia
533 2951 682 3034 gratum
712 2963 796 3010 esse
824 2953 1006 3033 oporteat,
1029 2954 1068 3008 et
1086 2935 1202 3034 dupio
1222 2935 1346 3034 displi-

226 3059 310 3115 ceat
337 3043 482 3116 facinus
511 3044 695 3116 iteratum.

656 3249 919 3258 —.-—-—--——

148 3429 195 3497 25
411 3408 486 3502 [De
511 3407 670 3502 quodam
684 3407 818 3501 fratre
845 3408 1009 3501 tentato}
1066 3404 1166 3477 XIII.

305 3631 369 3698 42.
389 3608 569 3681 Manente
584 3624 714 3680 sancto
734 3606 770 3680 in
791 3607 925 3681 eodem
945 3608 1038 3691 loeo,
1063 3607 1175 3680 srater
1195 3607 1345 3704 quidam

225 3714 425 3811 spiritualis
444 3715 492 3787 de
513 3715 682 3788 custodia
701 3715 922 3798 Marsicana,
948 3714 1012 3811 qui
1032 3713 1211 3811 grauibus
1229 3731 1348 3786 tenta-

225 3820 388 3894 tionibus
402 3822 618 3904 vexabatur,
637 3821 731 3893 dixit
746 3820 782 3892 in
799 3820 913 3893 corde
928 3846 1013 3893 suo:
1038 3820 1118 3893 Oh!
1136 3821 1167 3893 si
1183 3845 1347 3917 unquam

225 3926 365 4024 aliquid
392 3926 451 4000 vel
479 3927 611 4001 saltem
639 3953 771 4024 parum
801 3928 849 4000 de
879 3927 1066 4025 unguibus
1095 3927 1213 3999 sancti
1235 3928 1348 3999 Fran·

150 4062 195 4131 30
225 4033 311 4107 cisci
341 4035 518 4107 haberem
548 4059 705 4119 mecum,
728 4036 843 4108 credo
863 4033 1038 4131 equidem
1058 4048 1137 4106 tota
1158 4033 1250 4106 haec
1270 4050 1348 4105 ten·

300 4257 322 4295 1.
335 4242 507 4296 incorrectus
576 4243 601 4294 8.
612 4240 727 4310 Christi]
740 4240 831 4294 MDe'r
901 4241 1062 4311 9.Asubdit
1133 4239 1347 4308 17·18.d0mo-

226 4321 279 4390 sui]
298 4322 329 4375 M
341 4338 449 4374 camera
469 4320 609 4374 cuiusdam
630 4322 755 4373 canonici
775 4320 883 4374 Reatini
940 4324 996 4390 ἠ
1014 4320 1104 4390 venia]
1122 4322 1150 4373 M
1166 4320 1350 4374 misericordia

227 4402 269 4456 28.
291 4402 322 4454 M
338 4419 387 4458 om.
408 4417 526 4468 unquam
