3142 4875
275 336 319 406 16
668 358 838 407 snorum
869 358 980 407 rursm

266 594 494 677 tendentem,
524 593 612 689 quia
641 611 781 689 quanto
809 593 892 689 plus
930 593 1039 666 suerit
1076 592 1137 666 ille
1170 619 1386 678 concussus,

266 717 371 774 tanto
400 700 529 772 fortius
548 700 801 797 triumphabit.
854 701 1091 773 Generosum
1129 700 1304 783 animum,
1336 700 1389 773 ait

268 808 431 904 quidam,
463 806 628 880 dedecus
656 807 768 880 elficit
797 807 998 879 fortiorem.

353 939 410 991 12.
440 914 612 1010 Cumque
650 914 712 986 diu
750 939 878 987 rumor
909 939 953 986 ac
986 914 1137 1010 plausus
1174 912 1387 986 huiusmodi

266 1021 314 1093 de
343 1020 425 1117 ipso
452 1046 520 1118 per
556 1022 700 1118 plateas
736 1046 784 1094 ac
818 1019 921 1093 vicos
955 1021 1180 1093 discurreret
1216 1020 1386 1105 civitatis,
1418 1048 1436 1112 5

267 1143 306 1200 et
333 1128 406 1200 huc
441 1144 554 1223 atque
593 1128 677 1200 illuc
719 1126 951 1199 illudentium
994 1127 1138 1199 sonitus
1179 1126 1386 1212 resultaret,

267 1234 364 1307 inter
379 1233 515 1306 multos
529 1260 688 1329 quorum
704 1235 829 1332 tetigit
843 1259 953 1307 aures
969 1235 1099 1307 horum
1116 1235 1215 1308 fama
1235 1233 1388 1306 tandem

268 1340 439 1438 pervenit
458 1344 506 1414 ad
522 1359 678 1436 patrem.
714 1341 790 1434 Qui
807 1367 890 1414 cum
906 1340 1072 1414 audisset
1087 1339 1149 1412 filii
1164 1340 1220 1413 sui
1236 1366 1386 1425 nomen,

268 1463 306 1520 et
334 1447 370 1519 in
399 1473 447 1520 eo
475 1447 550 1520 tale
579 1448 772 1546 negotium
792 1473 815 1520 a
834 1447 1050 1520 concivibus
1069 1446 1283 1543 intorqueri,
1302 1473 1390 1520 con·

268 1555 372 1626 tinuo
401 1555 521 1652 surgit
549 1580 623 1626 non
652 1555 700 1627 ad
729 1554 962 1628 liberandum
991 1580 1087 1638 eum,
1110 1555 1177 1626 sed
1197 1553 1321 1650 potius
1340 1555 1390 1626 ad
1422 1584 1471 1631 ro·

267 1661 522 1758 perdendum;
546 1661 720 1757 nullaque
740 1661 996 1750 moderatione
1016 1677 1173 1744 servata,
1195 1678 1389 1756 tamquam

200 1861 203 1870 ,
268 1771 377 1865 lupus
405 1768 453 1840 ad
482 1793 591 1840 ovem
619 1768 781 1850 advolat,
804 1787 842 1840 et
862 1784 969 1840 torvo
988 1793 1031 1840 ac
1051 1768 1144 1839 truci
1163 1766 1266 1839 vultu
1287 1768 1389 1839 illum

269 1875 481 1971 respiciens,
513 1873 648 1947 iniecta
677 1901 799 1958 manu,
829 1875 1078 1947 inverecunde
1106 1900 1150 1947 ac
1192 1874 1389 1947 inhoneste

268 1982 367 2065 satiS,
399 1982 447 2055 ad
475 1981 663 2079 propriam
700 1983 854 2054 domum
892 1981 1073 2078 pertraxit
1100 2006 1198 2053 eum.
1251 1980 1389 2077 Sicque

268 2090 368 2161 omni
399 2088 637 2161 miseratione
666 2090 865 2170 subtracta,
897 2113 965 2185 per
992 2089 1117 2185 plures
1145 2088 1226 2160 dies
1246 2115 1330 2161 eum
1351 2088 1388 2161 in
1421 2119 1460 2184 15

267 2197 469 2268 tenebroso
497 2194 581 2267 loco
609 2195 768 2279 reclusit,
800 2212 839 2268 et
866 2212 1002 2292 putans
1029 2195 1194 2268 animum
1224 2194 1304 2268 eius
1323 2194 1389 2268 fle·

269 2319 369 2376 ctere
398 2303 446 2375 ad
475 2302 530 2373 sui
561 2326 796 2386 consensum,
828 2303 949 2398 primo
977 2301 1111 2385 verbis,
1143 2301 1281 2375 deinde
1309 2327 1389 2374 ver·

268 2410 420 2483 beribus
441 2425 477 2482 et
497 2407 652 2482 vinculis
667 2408 756 2508 agit.
811 2410 991 2483 Constans
1009 2410 1255 2506 propositum.
1304 2409 1387 2506 Ipse

267 2542 359 2588 vero
387 2543 435 2590 ex
463 2517 535 2589 hoc
563 2518 612 2590 ad
645 2518 911 2612 exequendum
947 2517 1180 2614 propositum
1217 2533 1387 2590 sanctum

268 2624 476 2720 promptior
493 2640 532 2696 et
549 2622 706 2697 validior
724 2623 961 2708 reddebatur,
983 2641 1021 2697 et
1046 2649 1114 2697 nec
1140 2624 1388 2719 exprobratus
1417 2655 1463 2702 20

268 2730 401 2814 verbis,
434 2756 502 2803 nec
530 2730 687 2804 vinculis
715 2731 903 2827 fatigatus
929 2731 1147 2826 patientiam
1177 2729 1385 2826 dereliquit.

269 2838 355 2911 Non
384 2835 483 2910 enim
516 2863 583 2932 per
616 2837 763 2935 flagella
791 2854 829 2910 et
861 2838 1009 2910 vincula
1040 2853 1164 2934 potest
1197 2862 1220 2910 a
1253 2838 1387 2910 mentis

270 2962 371 3017 recta
412 2943 618 3017 intentione
654 2944 841 3017 declinare
883 2970 926 3017 ac
959 2961 1067 3023 statu,
1100 2970 1169 3017 nec
1197 2968 1220 3017 a
1248 2944 1388 3018 Christi

269 3076 389 3148 grege
408 3051 543 3124 abduci
563 3050 620 3123 cui
642 3050 867 3149 praecipitur
887 3052 923 3124 in
942 3050 1181 3124 tribulatione
1200 3053 1386 3149 gaudere;

270 3182 339 3229 nec
372 3157 534 3252 trepidat
563 3157 598 3229 in
628 3158 767 3230 diluvio
796 3184 977 3254 aquarum
1016 3156 1214 3232 multarum
1243 3158 1301 3232 cui
1330 3176 1390 3232 est
1417 3188 1456 3254 25

269 3265 455 3361 refugium
484 3290 506 3337 a
529 3290 704 3360 pressura
724 3265 839 3338 Filius
858 3265 943 3348 Dei,
966 3265 1040 3361 qui,
1065 3290 1112 3338 ne
1133 3281 1260 3338 nostra
1281 3265 1389 3339 nobis

269 3395 402 3467 aspera
429 3371 637 3459 videantur,
669 3397 818 3469 semper
846 3398 913 3444 sua
942 3373 1107 3446 ostendit
1134 3397 1218 3446 esse
1247 3373 1390 3446 maiora

272 3502 368 3572 quae
396 3478 557 3574 pertulit.

344 3699 365 3738 1.
385 3684 430 3738 As
446 3702 495 3737 om.
515 3697 617 3756 quanto
667 3685 715 3739 AS
732 3701 875 3753 percussus
962 3699 986 3738 2.
1006 3684 1054 3739 As
1070 3702 1118 3737 om.
1137 3697 1214 3738 tanto
1301 3701 1325 3755 3.
1344 3686 1392 3740 As

270 3781 317 3829 per
336 3764 452 3818 dedecus
471 3764 610 3818 fortiorem
685 3765 709 3818 6.
725 3767 755 3819 H
773 3765 994 3834 (instudentium)
1009 3764 1218 3819 discurrentium
1234 3781 1292 3820 son.
1307 3766 1391 3819 insul-

270 3857 338 3897 taret
410 3846 434 3899 8,
451 3848 481 3899 Μ
496 3846 671 3916 Quicumque
743 3847 811 3916 9.H
821 3846 875 3899 tale
889 3847 1038 3899 convitium
1076 3846 1212 3900 Pcivibus
1288 3847 1392 3901 roas

270 3924 472 3979 deliberandum
548 3941 586 3996 ¹3·
606 3927 634 3980 H
651 3927 797 3996 inspiciens
873 3941 910 3990 ¹4-
928 3927 964 3990 P,
985 3928 1019 3979 W
1031 3926 1160 3997 protraxit
1235 3924 1275 3980 16.
1291 3926 1323 3980 H
1335 3926 1391 3981 ani·

271 4021 346 4057 mum
364 4022 442 4059 suum
515 4021 557 4059 22.
577 4007 624 4061 As
642 4006 702 4060 Non
722 4023 788 4060 eum
860 4004 901 4059 26.
921 4006 969 4060 AS
986 4025 1034 4061 om.
1054 4007 1132 4060 nobis
