3142 4875
252 335 302 420 64
652 350 824 400 urrunnun
852 351 965 399 parua

250 615 334 662 cum
363 605 533 684 tempore
562 588 727 685 quodam
755 586 857 683 apud
887 612 1054 659 cremum
1085 585 1210 658 Sancti
1233 585 1374 660 Urbani

248 695 486 792 aegritudine
506 694 728 798 gravissima
757 693 954 767 laboraret.
1013 693 1077 764 Ad
1098 694 1202 765 cuius
1221 712 1375 791 gustum

251 819 354 875 tanta
383 801 557 874 facilitate
578 800 773 883 convaluit,
799 817 838 872 ut
858 799 1023 872 divinum
1045 801 1124 873 lore
1144 799 1373 884 miraculum,

167 956 169 960 ‚
253 910 348 981 sicut
375 926 413 981 et
441 925 531 990 erat,
554 909 602 980 ab
630 907 804 980 omnibus
824 907 1049 979 crederetur.
1108 907 1158 978 Et
1183 933 1269 979 vere
1291 933 1372 980 san-

253 1034 344 1099 ctus,
369 1016 426 1088 cui
456 1016 508 1087 sic
537 1015 717 1087 obediunt
737 1031 940 1096 creaturae,
964 1013 1068 1086 cuius
1091 1014 1158 1112 [et]
1178 1015 1226 1086 ad
1246 1031 1376 1086 nutum
1408 1039 1425 1103 5

255 1125 290 1195 in
319 1122 456 1195 alteros
487 1148 574 1193 usus
602 1121 683 1218 ipsa
711 1137 906 1194 transeunt
934 1123 1131 1194 clementa.

254 1586 314 1656 De
332 1586 610 1679 praecinctione
639 1586 760 1680 ipsius
788 1585 894 1677 apud
921 1584 1111 1665 Erculum,
1143 1596 1178 1656 et
1206 1587 1379 1681 quonrodo

326 1710 403 1794 per
426 1726 478 1781 aa,
508 1727 600 1795 quae
628 1726 744 1772 manu
772 1699 955 1795 tetigerat,
990 1701 1067 1795 ipso
1095 1701 1249 1782 absente,
1270 1727 1379 1771 sana-

339 1817 479 1888 buntur
506 1816 664 1914 infirmi.
723 1815 846 1888 XXII.

339 2032 400 2099 62.
458 2027 647 2125 Tempore
677 2026 739 2100 illo
768 2026 804 2098 in
836 2053 922 2124 qun,
954 2025 1209 2101 sicutdictum
1229 2046 1297 2112 est,
1320 2055 1380 2101 ve·
1416 2056 1455 2102 ro

258 2134 431 2207 nerabilis
471 2153 577 2230 pater
614 2134 837 2207 Franciscus
878 2134 1094 2207 volucribus
1136 2136 1376 2233 praedicavit,

257 2243 424 2314 civitates
453 2259 490 2313 et
519 2239 671 2314 castella
700 2240 892 2323 circuiens,
924 2260 962 2313 et
991 2243 1130 2337 ubique
1150 2241 1381 2315 benedictio-

258 2374 345 2420 num
374 2350 517 2421 semina
545 2374 738 2447 spargens
771 2348 819 2421 ad
849 2348 1038 2420 civitatem
1067 2349 1292 2421 Eseulanam
1314 2375 1383 2446 ap-

257 2456 395 2553 plicuit.
447 2457 494 2527 ,ln
524 2482 598 2552 qua
628 2482 710 2528 cum
748 2457 903 2529 verbum
934 2456 1005 2528 Dei
1037 2483 1140 2529 more
1170 2458 1279 2530 solito
1309 2458 1382 2529 ser-

155 2647 156 2652 ,
257 2562 474 2635 ventissime
494 2562 718 2658 loqueretur,
738 2563 996 2636 immutatione
1016 2564 1196 2636 dexterae
1218 2564 1379 2648 Excelsi‚
1417 2592 1455 2657 15

258 2687 360 2744 tanta
380 2670 501 2767 gratia
521 2685 558 2742 et
577 2670 777 2742 devotione
798 2696 895 2766 pene
926 2671 1120 2743 universus
1145 2674 1305 2768 populus
1325 2688 1382 2744 est

260 2776 434 2873 repletus
467 2793 507 2848 ut
534 2777 581 2848 ad
610 2776 837 2849 audiendum
867 2794 905 2849 et
933 2777 1135 2850 videndum
1159 2778 1383 2851 'eumanhe-

259 2883 378 2955 lantes
399 2909 530 2956 omnes
559 2909 599 2954 se
629 2883 785 2956 invicem
807 2885 1082 2960 conculcarent.
1141 2886 1238 2957 Nam
1259 2902 1298 2957 et
1318 2886 1382 2957 tri-

260 2990 366 3088 ginta
403 2989 479 3074 viri‚
512 2988 634 3062 clerici
672 3008 709 3062 et
745 2991 837 3071 laici,
871 3008 959 3063 tunc
998 2992 1176 3087 temporis
1214 2994 1261 3064 ab
1301 2991 1383 3089 ipso
1514 3089 1516 3092 Ι

260 3115 412 3169 sanctae
459 3096 649 3194 religionis
691 3098 859 3169 habitum
898 3116 1154 3194 susceperunt.
1213 3100 1380 3171 Deootz'o.
1414 3123 1457 3169 20

260 3203 383 3276 Tanta
403 3220 483 3277 erat
511 3205 603 3276 fides
623 3204 786 3276 virorum
809 3224 846 3277 et
874 3205 1078 3287 mulierum,
1107 3223 1210 3278 tanta
1231 3206 1383 3277 devotio

261 3313 396 3383 mentis
416 3337 508 3408 erga
528 3329 697 3384 sanctum
718 3312 801 3394 Dei,
826 3329 865 3382 ut
893 3313 1037 3384 lelicem
1059 3340 1099 3384 se
1126 3313 1385 3409 pronuntiaret

261 3418 323 3513 qui
344 3417 476 3490 saltem
495 3420 553 3491 vel
574 3420 838 3491 vestimentum
855 3419 934 3490 eius
951 3419 1169 3517 contingere
1187 3420 1381 3516 potuisset.

261 3524 500 3623 ingrediente
521 3525 602 3623 ipso
620 3525 782 3621 aliquam
800 3525 999 3609 civitatem,
1020 3525 1230 3599 laetabatur
1250 3526 1380 3607 clerus

261 3633 505 3729 pulsabantur
538 3658 754 3728 campanae,
788 3632 1027 3705 exsultabant
1056 3634 1132 3716 viri,
1166 3635 1383 3731 congaude·
1415 3660 1458 3724 25

263 3741 353 3812 bant
382 3740 551 3821 feminae,
585 3740 864 3835 applaudebant
892 3741 1007 3837 pueri,
1044 3756 1083 3812 et
1111 3765 1236 3838 saepe,
1272 3739 1385 3814 ramis

337 3963 361 4000 2.
376 3950 404 4001 tr
417 3966 465 4000 om.
479 3948 640 4019 gravissima
705 3966 727 4017 3.
739 3950 780 4015 H,
792 3951 822 4002 ,tl
831 3949 958 4003 felicitate
1003 3951 1150 4019 convaluit]
1165 3952 1211 4004 AS
1222 3950 1386 4003 conscientia

265 4027 341 4080 alluit
412 4044 437 4093 4.
458 4030 515 4093 At,
537 4031 559 4082 Ε
577 4030 609 4081 ab
630 4030 784 4082 hominibus
857 4030 882 4083 6.
902 4031 971 4100 ipsa]
997 4032 1041 4086 AS
1058 4031 1219 4102 temporalia
1276 4032 1386 4083 Rtran·

265 4120 341 4159 seant
432 4124 455 4177 7.
480 4110 515 4162 Os
533 4112 590 4161 eius
680 4112 704 4163 8.
726 4111 765 4164 On
791 4129 837 4163 om.
865 4112 924 4182 ipso
950 4113 1058 4164 absente
1110 4113 1208 4181 Eipso
1228 4112 1310 4164 ctiam
1331 4110 1388 4164 abs.

268 4188 421 4242 10.Hom,
441 4188 468 4240 in
554 4205 592 4242 rr.
612 4190 657 4243 As
675 4209 722 4243 om.
743 4190 899 4244 volucribus
954 4192 1173 4262 Hpracdicnbat
1259 4192 1387 4258 15.Rin

266 4268 416 4320 mutatione
480 4268 518 4321 16.
534 4269 645 4339 Pplcne
661 4272 733 4323 univ.
791 4288 840 4325 ⁸22.
858 4272 899 4325 Or
914 4290 977 4341 erga
993 4274 1082 4325 Deum
1100 4286 1126 4325 et
1140 4289 1212 4325 sanc.
1231 4273 1264 4325 D.
1309 4287 1352 4335 23.
1366 4272 1388 4325 L

267 4348 377 4478 untbuel
433 4349 461 4402 H
477 4364 586 4420 tangere
660 4365 702 4416 24.
722 4350 770 4404 AS
788 4370 837 4406 om.
857 4352 993 4425 aliquam;
1015 4355 1044 4406 ,tl
1063 4353 1210 4424 aliquando
1266 4354 1296 4406 H
1314 4353 1390 4406 laeti-

268 4434 317 4478 bca
338 4441 397 4480 atur
