3142 4875
592 356 699 406 annm
727 355 913 406 arlucum
1169 427 1171 431 μ
1238 352 1311 424 273

222 693 352 792 [Quod
362 694 432 789 pia
445 692 594 787 fraude
612 694 768 791 quidam
798 694 869 766 illa
894 694 1087 794 inspexi&
1144 694 1285 768 XCIX.

279 927 362 1002 137.
394 907 491 981 Cum
520 906 629 981 Senis
658 922 866 981 moraretur
892 908 950 979 vir
976 908 1062 994 Dei,
1092 908 1230 982 accidit
1248 936 1315 984 ve-

193 1015 271 1089 nire
301 1015 385 1088 illuc
414 1016 565 1088 fratrem
594 1015 795 1111 quemdam
825 1015 872 1087 de
892 1014 1042 1098 Briscia,
1065 1014 1127 1113 qui
1157 1016 1314 1090 multum

192 1122 370 1196 affectans
397 1121 525 1196 videre
553 1119 731 1220 stigmata
758 1122 876 1194 sancti
905 1121 1030 1218 patris,
1063 1139 1103 1194 ut
1135 1122 1173 1195 id
1201 1139 1315 1220 queat

142 1251 159 1314 5
192 1254 215 1303 a
242 1229 355 1305 fratre
383 1228 542 1302 Pacifico
564 1228 745 1301 instanter
764 1229 945 1327 deposcit.
1003 1229 1053 1301 Et
1073 1227 1150 1302 ille:
1177 1230 1315 1304 Reces-

192 1362 310 1421 suruS,
329 1335 457 1433 inquit,
470 1361 493 1411 a
505 1336 599 1422 loce,
616 1353 742 1433 petam
758 1337 806 1408 ab
821 1361 868 1409 eo
881 1335 1154 1410 deosculandas
1168 1363 1313 1426 manus

192 1469 286 1540 quas
306 1469 390 1517 cum
410 1442 564 1527 dederit,
587 1468 748 1516 annuam
770 1443 836 1515 tibi
857 1442 973 1516 oculis
992 1459 1030 1517 et
1044 1443 1200 1517 videbis.
1250 1445 1316 1518 Pa·

194 1550 262 1623 rati
282 1551 330 1623 ad
350 1575 539 1623 recessum
559 1550 701 1623 vadunt
728 1550 840 1622 ambo
859 1551 908 1624 ad
928 1566 1108 1634 sanctum,
1131 1550 1315 1649 flexisque

193 1656 365 1756 genibus,
397 1657 490 1729 dixit
518 1657 698 1730 Pacificus
727 1672 857 1730 sancto
886 1657 1107 1731 Francisco:
1148 1657 1315 1732 Benedic

127 1782 165 1828 ¹0
196 1764 313 1848 nobis,
340 1764 492 1863 [m]ater
520 1763 755 1863 carissim[a],
779 1780 817 1836 et
837 1774 989 1837 manum
1014 1764 1104 1836 mihi
1131 1765 1180 1837 ad
1210 1790 1316 1838 oscu-

194 1869 348 1943 lundum
377 1872 527 1967 praebe.
587 1871 789 1944 Osculatur
817 1896 891 1943 non
911 1871 1071 1944 libenter
1092 1889 1313 1967 porrectam,

194 1996 232 2050 et
251 1978 451 2052 videndam
472 1976 591 2050 innuit
614 1976 725 2050 fratri.
784 1979 921 2051 Petens
940 1994 979 2050 et
997 1976 1106 2051 aliam
1127 1978 1317 2052 osculatur

195 2101 233 2157 et
260 2100 443 2158 monstrat
471 2084 605 2157 eidem.
671 2083 965 2175 Discedentibus
1000 2083 1070 2157 illis
1105 2084 1316 2181 suspicatus

194 2209 252 2264 est
284 2207 392 2289 pater
427 2206 594 2264 sanctam
624 2192 793 2264 fraudem
822 2190 872 2263 ibi
902 2190 1024 2276 luisse,
1057 2216 1154 2287 quae
1182 2191 1312 2268 luerat.

127 2315 163 2380 15
195 2298 243 2369 Et
271 2298 370 2395 piam
401 2298 652 2371 curiositatem
672 2297 825 2395 impiam
845 2297 1022 2382 iudicans,
1050 2314 1226 2371 revocato
1245 2314 1316 2371 sta·

195 2402 260 2478 tim
276 2407 388 2479 fratre
403 2404 562 2479 Pacifico
577 2404 667 2479 dicit
681 2405 735 2478 ei:
758 2403 958 2504 indulgeat
972 2405 1037 2479 tibi
1053 2406 1170 2490 Deus,
1190 2406 1312 2493 srater,

195 2512 370 2609 quoniam
398 2513 676 2586 tribulationem
705 2514 859 2586 multam
881 2513 970 2586 lacis
990 2513 1079 2585 milri
1099 2513 1313 2610 aliquando.

195 2619 399 2692 Prosternit
427 2646 467 2692 se
496 2619 620 2693 statim
641 2620 822 2693 Pacificus
846 2636 885 2693 et
903 2620 1091 2693 humiliter
1109 2620 1317 2719 interrogat

196 2726 340 2799 dicens:
373 2725 534 2821 Qualem
577 2726 853 2800 tribulationem
898 2727 964 2799 tibi
1006 2727 1087 2813 feci,
1126 2727 1317 2800 carissima

124 2849 167 2895 20
197 2833 343 2907 materi·
396 2833 497 2906 Nihil
525 2850 650 2906 autem
679 2835 932 2931 respondente
962 2836 1072 2907 beato
1101 2834 1312 2920 FranciscO,

196 2939 342 3013 silentio
371 2941 591 3014 terminatur
619 2958 786 3014 eventus.

269 3369 344 3464 [De
372 3367 523 3439 vulnere
551 3366 681 3438 luteris
708 3391 732 3437 a
759 3365 917 3460 quodum
948 3366 1130 3461 inspecto}
1190 3365 1232 3437 C.

281 3585 363 3677 138.
386 3581 493 3655 Licet
511 3596 636 3654 autem
652 3605 827 3652 manuum
850 3597 886 3652 et
906 3581 1044 3676 pedum
1060 3581 1215 3652 vulnera
1235 3578 1316 3676 ipsa

197 3692 447 3763 membrorum
477 3686 559 3760 loca
586 3685 784 3785 propatula
814 3688 980 3775 lacerent
998 3685 1183 3783 aliquibus
1203 3686 1317 3758 mani-

128 3824 167 3890 25
197 3798 300 3883 festa,
331 3795 455 3871 lateris
484 3812 610 3868 tamen
639 3793 772 3866 vulnus
802 3819 913 3866 nemo
941 3794 1079 3891 dignus
1101 3793 1230 3865 videre
1250 3792 1317 3864 luit

197 3903 232 3975 in
260 3905 346 3988 vita,
380 3902 488 3975 unico
524 3917 669 3974 tantum
698 3917 736 3974 et
771 3900 887 3973 semel
917 3915 1088 3996 excepto.
1156 3899 1316 3994 Quoties

196 4009 295 4083 enim
323 4010 485 4083 tunicam
515 4009 655 4081 laceret
683 4009 818 4092 excuti,
850 4009 983 4080 dextro
1003 4007 1156 4079 brachio
1183 4032 1317 4103 coope-

197 4117 315 4190 riebat
342 4115 467 4189 lateris
486 4114 631 4188 vulnus.
689 4115 969 4211 Nonnunquam
989 4139 1080 4187 vero
1100 4138 1212 4186 manu
1232 4112 1316 4185 sini-

267 4343 291 4397 9.
308 4328 337 4381 M
352 4326 417 4381 dicit
492 4343 531 4381 ιο.
550 4327 576 4380 Α
596 4339 671 4397 pater
691 4326 829 4380 carissime
905 4341 945 4393 15.
961 4322 1156 4391 curiositatem]
1176 4323 1195 4377 R
1212 4322 1317 4375 animo-

197 4407 304 4461 sitatem
381 4405 420 4462 16.
441 4407 473 4459 M
490 4408 557 4461 dlxit
568 4437 583 4447 -
594 4407 731 4461 Dominus

304 4607 334 4660 18
