3142 4875
592 395 697 444 annm
726 395 912 446 sunucmcr
1237 375 1311 464 289

192 628 418 725 subrogabo
450 626 500 699 ita
528 643 568 699 ut
596 625 625 698 si
656 643 764 700 natus
793 652 868 700 non
898 626 1007 700 luerit
1036 628 1167 702 faciam
1187 628 1309 727 ipsum

193 733 305 807 nasci.
363 734 449 806 Non
465 759 558 830 ergo
573 734 742 816 turberis,
761 735 828 806 sed
843 751 945 806 tuam
962 759 1119 832 operare
1138 737 1309 823 salutem,

193 841 369 938 quoniam
389 841 458 913 etsi
478 840 526 914 ad
556 857 757 913 numerum·
779 840 890 914 trium
919 841 1052 939 religio
1080 842 1236 928 venerit,
1260 843 1310 916 in·

194 972 375 1021 concussa
393 973 543 1045 semper
571 972 656 1019 meo
676 973 830 1021 munere
850 949 1094 1045 permanebit.
1143 949 1204 1022 Ex
1223 966 1311 1023 tune

147 1081 163 1145 5
194 1053 393 1126 maximam
414 1054 715 1151 imperfectorum
736 1056 881 1127 turbam
903 1054 1011 1127 unius
1040 1055 1158 1129 sancti
1178 1055 1314 1130 virtute

193 1160 358 1257 superari
388 1161 547 1245 dicebat,
586 1160 673 1257 quia
702 1162 807 1234 radio
836 1160 927 1234 lucis
956 1161 1064 1234 unius
1093 1157 1311 1237 innumerae

193 1267 371 1340 tenebrae
400 1267 633 1341 delitescunt.

618 1479 883 1488 ψ...-

408 1713 589 1784 Contra
627 1710 775 1783 otium
810 1726 856 1784 et
891 1710 1096 1784 otiosos,

262 1927 469 2021 [Revelatio
495 1926 573 1999 sibi
583 1927 694 2021 fucta
721 1924 867 2020 quando
895 1934 984 1996 esset
1008 1950 1138 1997 servus
1165 1925 1246 1996 Dez’

129 2054 166 2099 10
468 2051 502 2114 et
528 2041 675 2138 quando
702 2043 805 2135 non}
864 2039 1035 2112 CXVIII.

279 2277 362 2350 159.
393 2255 452 2326 Ex
480 2280 556 2351 quo
593 2253 648 2325 vir
684 2252 754 2327 iste
791 2251 925 2349 coepit,
957 2251 1108 2325 caducis
1144 2251 1311 2341 abiectis

197 2362 359 2437 Domino
379 2362 591 2445 cohaerere,
622 2361 685 2433 vix
714 2360 933 2459 particulam
957 2360 1137 2457 temporis
1155 2385 1312 2434 vacuam

194 2470 295 2543 abire
314 2469 492 2568 permisit.
551 2470 699 2542 Revera
719 2493 803 2541 cum
824 2468 860 2539 in
881 2467 1065 2540 thesauris
1084 2468 1157 2541 Dei
1178 2469 1313 2542 multas

195 2578 267 2650 iam
278 2577 461 2650 intulisset
471 2576 598 2674 copias
610 2576 836 2657 meritorum,
855 2599 1004 2672 semper
1017 2600 1145 2658 novus,
1164 2600 1314 2673 semper

129 2703 165 2768 15
193 2685 241 2758 ad
261 2683 463 2780 spiritualia
483 2685 660 2757 exercitia
680 2682 897 2780 promptior.
955 2682 1040 2754 Non
1066 2681 1205 2778 aliquid
1224 2683 1312 2755 boni

193 2816 308 2888 agere
327 2817 482 2889 gravem
503 2790 664 2863 ducebat
692 2792 882 2873 offensam,
903 2814 976 2861 non
1006 2814 1155 2884 semper
1184 2815 1313 2885 proce·

193 2898 282 2970 dere
312 2898 548 2971 retrocedere
577 2895 775 2970 iudicabat.
834 2896 930 2968 Cum
955 2896 1053 2969 enirn
1075 2896 1191 2968 semel
1210 2898 1310 2993 apud

194 3003 312 3077 Senas
332 3005 368 3077 in
389 3005 482 3077 cella
502 3020 678 3087 maneret,
702 3001 850 3076 vocavit
878 3004 925 3076 ad
954 3028 994 3075 se
1018 3002 1180 3100 quadam
1203 3018 1312 3076 nocte

194 3110 316 3184 socios
335 3110 564 3184 dormientes
584 3110 726 3183 dicens:
749 3108 897 3208 Rogavi
926 3109 1143 3193 Dominum,
1167 3111 1310 3193 sratreS,

125 3235 167 3283 20
195 3234 234 3290 ut
271 3216 358 3290 mihi
394 3219 593 3290 ostendere
630 3216 850 3315 dignaretur
885 3217 1037 3314 quando
1069 3242 1199 3290 servus
1232 3217 1313 3289 eius

195 3351 286 3406 sum,
319 3340 356 3398 et
385 3325 535 3420 quando
569 3349 642 3396 non
678 3350 819 3397 servus.
877 3324 974 3396 Nam
1003 3322 1148 3406 vellem,
1181 3324 1310 3419 inquit,

196 3431 282 3504 nihil
305 3431 437 3526 [aliud]
459 3457 570 3528 quam
600 3458 730 3503 servus
748 3431 931 3504 exsistere
952 3456 1051 3502 suus.
1111 3431 1194 3527 lpse
1223 3456 1313 3502 vero

194 3538 484 3636 benignissimus
521 3537 707 3609 Dominus
743 3562 812 3609 sua
849 3535 936 3608 mihi
966 3562 1063 3609 nunc
1093 3536 1311 3634 dignatione

195 3643 402 3741 respondit:
426 3644 582 3719 Servum
604 3669 728 3716 meum
748 3662 836 3715 tunc
852 3661 888 3715 te
909 3669 1097 3739 cognosce
1118 3643 1310 3727 veraciter,

128 3766 163 3833 25
195 3775 277 3823 cum
306 3768 435 3824 sancta
456 3750 610 3848 cogitas
633 3750 806 3848 loqueris
839 3749 1015 3847 operaris.
1074 3750 1163 3822 Ideo
1181 3751 1311 3821 vocavi

194 3884 270 3941 vos,
293 3858 434 3942 iratres,
458 3858 635 3954 quoniam
660 3883 783 3931 coram
813 3857 921 3929 vobis
949 3856 1193 3929 verecundari
1214 3857 1310 3937 volo,

194 3965 223 4035 si
252 3965 402 4061 quando
431 3966 564 4038 horum
593 3965 703 4037 trium
734 3966 874 4038 nullum
905 3963 1075 4036 effecero

263 4180 288 4236 6.
307 4182 388 4252 lucis]
409 4183 429 4237 R
448 4182 512 4235 solis
584 4184 644 4253 8-9.
668 4184 696 4236 ll
715 4182 819 4236 otiosos
838 4194 864 4236 et
883 4180 1012 4234 revelatio
1089 4179 1128 4234 16.
1149 4179 1312 4251 gravem]ll

195 4261 292 4328 gratiae
366 4277 408 4314 21.
427 4262 512 4334 Nam]
534 4264 555 4319 R
575 4262 638 4315 Non
712 4278 753 4316 22.
772 4263 798 4315 A
818 4280 866 4316 om.
887 4262 959 4317 aliud
1014 4261 1091 4331 suus]
1112 4259 1145 4311 M
1162 4260 1219 4312 eius
