3142 4875
223 298 295 367 104
619 298 792 346 LEGENDA
820 299 930 347 PRIMA

217 535 317 607 sama
346 532 513 605 clarioris
547 532 647 605 vitae
686 530 801 629 ipsius
837 532 1006 604 ordinem
1040 533 1238 628 plurimum
1266 559 1344 606 am·

217 639 368 737 pliabat.
421 639 537 711 Dedit
553 638 601 711 illi
618 638 806 710 Dominus
820 638 986 736 linguam
1003 638 1196 723 eruditam,
1217 640 1252 711 in
1268 666 1344 735 qua

218 740 470 857 cpnlundebat
499 745 735 818 adversarios
763 746 941 830 veritatis,
983 746 1018 817 in
1048 772 1122 842 qua
1151 745 1345 819 refellebat

217 852 388 926 inimicos
417 851 536 924 crucis
566 851 716 936 Christi,
748 851 783 923 in
823 878 896 948 qua
934 853 1137 925 reducebat
1174 868 1344 925 errantes

216 961 265 1033 ad
292 959 401 1042 viam,
435 959 470 1031 in
500 984 575 1055 qua
604 960 797 1031 discordes
816 959 1047 1055 pacificabat,
1070 977 1108 1032 et
1134 960 1343 1031 concordes

217 1065 358 1139 fortiori
375 1064 564 1138 charitatis
579 1064 727 1137 vinculo
746 1066 960 1163 colligabat.
1006 1066 1097 1137 Erat
1112 1064 1148 1137 in
1169 1066 1341 1138 Ecclesia

217 1173 291 1246 Dei
320 1174 472 1245 lucerna
499 1173 636 1245 ardens
664 1188 702 1244 et
730 1170 869 1255 lucens,
902 1189 940 1245 et
969 1171 1106 1269 sagitta
1126 1171 1254 1256 electa,
1279 1198 1342 1268 pa-

219 1296 300 1354 rata
329 1281 364 1351 in
395 1296 564 1376 tempore
594 1296 818 1375 opportuno

306 1408 389 1457 100.
422 1386 458 1459 Ο
487 1386 644 1482 quoties
677 1385 857 1481 depositis
885 1385 1059 1480 pretiosis
1087 1386 1263 1468 vestibus
1292 1385 1344 1457 vi·

219 1492 319 1565 libus
347 1493 510 1577 indutuS,
533 1492 765 1564 discalceatis
785 1491 953 1587 pedibus
973 1492 1091 1587 quasi
1110 1518 1206 1564 unus
1235 1518 1256 1564 e
1276 1493 1343 1564 ira·
1380 1521 1419 1565 ro

219 1601 338 1672 tribus
368 1599 557 1679 incedens,
589 1600 747 1697 rogabat
777 1624 821 1670 ea
850 1624 947 1694 quae
984 1600 1031 1670 ad
1069 1624 1201 1695 pacem
1238 1599 1342 1670 sunt!

210 1706 304 1785 Hoc
335 1706 429 1778 inter
457 1706 577 1779 virum
606 1722 644 1778 et
672 1704 883 1800 proximum
914 1732 1021 1777 suum
1055 1707 1203 1802 quoties
1231 1731 1346 1801 opor-

219 1813 334 1896 tebat,
366 1812 437 1885 hoc
466 1812 563 1884 inter
591 1813 716 1884 Deum
745 1829 782 1884 et
803 1811 992 1884 hominem
1021 1838 1170 1909 semper
1189 1811 1344 1885 sollicite

175 1908 184 1921 ⁸
221 1919 391 1995 iaciebat.
450 1921 655 2016 Propterea
696 1917 808 2014 paulo
845 1934 930 2014 post
971 1919 1088 2016 elegit
1123 1945 1209 1992 eum
1239 1919 1345 1991 Deus

221 2043 410 2124 pastorem
440 2025 476 2098 in
507 2026 679 2098 universa
707 2024 877 2098 Ecclesia
906 2051 972 2098 sua
1001 2042 1141 2112 sancta,
1172 2043 1210 2098 et
1243 2024 1347 2098 exal·
1379 2053 1417 2117 15

220 2132 312 2205 tavit
341 2150 453 2229 caput
481 2133 562 2205 eius
600 2132 635 2204 in
666 2131 835 2222 tribubus
870 2131 1103 2228 populorum.
1163 2133 1276 2225 Quod
1306 2147 1369 2203 ut·

222 2239 440 2336 inspiratum
470 2240 656 2322 divinitus,
688 2255 727 2310 et
757 2238 896 2310 Christi
927 2240 1008 2310 lesu
1031 2239 1230 2311 'voluntate
1259 2264 1346 2335 ope·

221 2364 343 2419 ratum
371 2371 455 2418 esse
484 2345 630 2429 sciatur,
663 2346 776 2443 longe
806 2363 893 2418 ante
936 2346 1068 2418 beatus
1097 2362 1204 2443 pater
1232 2347 1346 2418 Fran·

223 2454 343 2526 ciscus
372 2453 443 2525 hoc
471 2454 596 2525 verbis
631 2452 826 2554 praedixit,
864 2470 901 2525 et
929 2478 1043 2549 opere
1077 2453 1343 2551 praesignavit.

223 2562 321 2632 Nam
352 2585 434 2631 cum
465 2562 558 2632 ordo
588 2576 625 2632 et
653 2559 785 2657 religio
815 2560 979 2642 fratrum,
1003 2560 1129 2631 divina
1148 2560 1270 2656 gratia
1297 2561 1346 2632 la·
1376 2589 1420 2634 20

223 2666 356 2749 ciente,
387 2667 477 2738 satis
507 2667 579 2739 iam
610 2666 790 2762 inciperet
819 2665 974 2750 dilatari,
1011 2684 1048 2738 et
1076 2667 1177 2739 velut
1213 2668 1347 2739 cedrus

224 2773 260 2845 in
290 2771 465 2869 paradiso
494 2773 578 2857 Dei,
611 2774 646 2844 in
676 2772 899 2844 caelestibus
927 2791 1141 2846 sanctorum
1161 2773 1348 2846 attolleret

223 2881 402 2953 verticem
434 2880 660 2958 meritorum.
684 2895 721 2951 et
740 2897 932 2975 tamquam
953 2881 1062 2953 vinea
1083 2880 1201 2953 electa
1221 2905 1348 2952 sacros

223 2990 450 3083 produceret
478 2987 650 3082 palmites
679 2987 714 3057 in
736 2985 969 3058 latitudinem
991 2987 1091 3059 orbis
1111 3003 1243 3070 terrae,
1266 3013 1348 3059 san-

225 3111 307 3167 ctus
336 3094 557 3167 Franciscus
586 3094 744 3166 accessit
771 3093 1033 3171 addominum
1055 3095 1193 3191 Papam
1221 3095 1348 3167 Hono·
1376 3119 1417 3185 25

225 3201 330 3282 rium,
363 3202 426 3297 qui
463 3201 659 3273 Romanae
697 3216 786 3271 tuuc
822 3218 995 3296 praeerat
1022 3200 1226 3286 Ecclesiae,
1261 3227 1349 3297 sup·

216 3308 309 3424 plici
349 3333 459 3404 prece
501 3324 634 3404 petens
670 3309 718 3380 ab
754 3332 802 3379 eo
832 3324 871 3379 ut
904 3308 1096 3379 dominum
1130 3308 1346 3405 Hugonem,

302 3553 548 3623 1-2..llampllavit
619 3551 645 3608 6.
658 3553 874 3618 ASAEfortioris
922 3553 1176 3624 M,Orcolligebat
1249 3553 1349 3622 7Dei]

169 3623 192 3654 '⁶
225 3634 358 3705 ASquasi
410 3635 445 3688 Os
458 3651 507 3687 om.
528 3633 613 3686 electa
699 3634 864 3696 7-8.R0m.
881 3647 972 3703 parata
1050 3650 1088 3688 ro.
1111 3635 1153 3687 Or
1175 3633 1351 3686 discalceatus

206 3715 412 3786 ¹Hom.unus
497 3713 586 3766 11.ad
613 3714 720 3782 pacem]
746 3714 777 3766 H
791 3714 863 3782 pacis
949 3715 1040 3773 1205
1063 3732 1111 3766 om.
1138 3713 1198 3766 Hoc
1251 3715 1287 3776 Ε,
1310 3713 1352 3766 Ox

225 3813 275 3847 om.
294 3810 373 3846 suum
452 3808 491 3862 13.
507 3793 609 3861 Deum]
629 3793 689 3858 As,
712 3795 740 3845 ,tl
756 3793 907 3845 Dominum
959 3794 1123 3847 Phornines
1176 3794 1351 3847 Lamsem·

225 3891 273 3944 per
349 3890 388 3939 14.
408 3873 672 3939 A5,EPraeterea
722 3873 810 3946 Deus]
831 3874 876 3927 As
894 3875 1030 3926 Dominus
1117 3890 1155 3940 15.
1176 3873 1224 3928 As
1241 3884 1305 3943 past.
1324 3883 1352 3924 et

120 3997 129 4010 .
226 3957 251 4007 in
269 3955 342 4009 univ.
362 3967 431 4006 terra
450 3967 477 4005 et
496 3952 570 4006 Eccl.
590 3970 610 4006 s.
631 3970 651 4005 s.
672 3952 738 4005 exal,
796 3953 930 4022 Ecclesia]
957 3953 987 4006 H
1009 3964 1080 4006 terra
1175 3952 1215 4007 16.
1236 3953 1278 4007 Ox
1302 3970 1352 4007 om.

225 4037 283 4087 elus
337 4034 359 4087 Ε
377 4052 427 4087 om.
446 4046 476 4086 ut
551 4049 590 4101 17.
611 4033 704 4085 Hom.
726 4033 786 4087 lesu
864 4033 1049 4102 19.A5haec
1107 4034 1163 4096 Ox,
1193 4036 1213 4088 R
1238 4034 1350 4085 verbum

228 4117 262 4169 Os
279 4115 425 4185 resignavit
507 4128 547 4166 21.
570 4114 616 4167 AS
633 4131 681 4167 orn.
701 4114 755 4166 iam
848 4130 889 4166 22.
909 4115 1013 4178 Aue
1033 4114 1085 4168 Dei
1105 4127 1132 4167 et
1151 4116 1177 4166 in
1230 4113 1352 4167 caelesti·

225 4195 286 4262 bus]
313 4194 524 4255 .u·caelorum,·
546 4195 648 4248 Osom.
745 4210 786 4262 23.
807 4194 948 4264 verticem]
970 4194 990 4246 R
1011 4196 1136 4247 virtutem
1199 4191 1351 4264 tamquam]

227 4275 362 4328 AStanta
436 4289 477 4342 25.
494 4276 528 4328 05
542 4292 590 4327 orn.
606 4273 748 4326 dominum
823 4273 1173 4344 26-27..lS,Esimp1ici
1248 4288 1290 4342 27.
1306 4271 1355 4325 AS

227 4371 276 4406 om.
293 4354 324 4405 ab
345 4370 378 4405 eo
398 4361 420 4406 el
439 4355 584 4407 dominum
