3142 4875
577 363 684 412 ΒΕΑΤΙ
712 361 899 411 FRANCISCI
1251 354 1296 425 25

177 468 438 480 ——1-

172 594 411 692 evangelium
441 597 660 694 suppliciter
687 595 897 694 postulavit.
983 596 1213 692 Evangelica
1241 621 1300 667 vo-

171 703 272 773 catio.
334 702 412 797 Qui
442 728 527 776 cum
557 704 591 775 ei
621 721 755 776 cuncta
782 729 850 800 per
878 702 1047 776 ordinem
1076 718 1296 782 enarrasset,

172 808 330 880 audiens
369 827 521 883 sanctus
557 811 778 884 Franciscus
817 809 954 912 Christi
988 808 1190 905 discipulos
1226 833 1298 880 non

172 915 313 988 debere
341 941 487 1000 aurum,
520 915 599 989 sive
627 934 837 1016 argentum,
868 943 934 989 seu
958 917 1155 1013 pecuniam
1184 915 1299 1012 possi-

130 1048 144 1113 5
173 1020 272 1105 dere,
306 1048 386 1095 non
415 1049 557 1120 peram,
589 1050 664 1097 non
701 1023 902 1108 sacculum,
934 1049 1006 1096 non
1045 1047 1193 1119 panem,
1225 1046 1299 1093 non

173 1128 319 1226 virgam
351 1130 390 1201 in
420 1130 480 1203 via
507 1147 666 1226 portare,
698 1157 773 1204 non
808 1131 1071 1212 calceamenta,
1104 1155 1177 1201 non
1207 1129 1300 1201 duas

175 1237 319 1310 tunicas
360 1237 513 1320 habere,
550 1239 616 1311 sed
650 1264 809 1336 regnum
846 1237 919 1310 Dei
957 1254 996 1310 et
1032 1235 1299 1332 poenitentiam

174 1342 406 1438 praedicare,
439 1344 616 1417 continuo
644 1346 836 1419 exsultans
865 1344 902 1416 in
930 1343 1059 1441 spiritu
1088 1343 1179 1414 Dei:
1216 1342 1300 1415 Hoc

175 1464 239 1533 est,
272 1443 425 1559 [inquit.
456 1451 558 1547 quod
585 1452 681 1534 volo,
714 1452 785 1524 hoc
814 1444 886 1556 est]
917 1451 1018 1545 quod
1047 1475 1198 1547 quaero,
1229 1449 1300 1523 hoc

116 1581 150 1627 10
175 1556 261 1629 totis
299 1555 477 1630 medullis
515 1559 637 1631 cordis
659 1560 797 1632 'lacere
834 1559 1071 1654 concupisco,
1132 1557 1302 1630 Festinat

175 1663 335 1761 proinde
358 1682 466 1761 pater
486 1682 647 1747 sanctus,
670 1665 981 1762 superabundans
1000 1664 1151 1762 gaudi0,
1173 1666 1221 1736 ad
1238 1664 1301 1736 im-

176 1771 385 1867 pletionem
414 1770 585 1844 salutaris
613 1772 772 1858 auditus,
805 1799 874 1845 nec
903 1797 1045 1844 moram
1075 1771 1213 1868 patitur
1240 1769 1302 1843 ali·

177 1903 287 1973 quam
319 1877 527 1975 praeterire
547 1879 636 1974 quin
664 1880 811 1976 operari
832 1881 991 1952 devotus
1020 1877 1172 1975 incipiat
1199 1876 1302 1974 quod

177 1985 331 2057 audivit.
386 1984 505 2058 Solvit
524 1986 693 2081 protinus
712 1987 968 2059 calceamenta
986 1987 1034 2058 de
1049 1984 1218 2081 pedibus
1241 1984 1303 2055 ba·

120 2117 152 2181 ¹5
179 2091 301 2164 culum
327 2093 486 2188 deponit
512 2117 534 2164 e
563 2092 744 2178 manibus,
767 2110 804 2166 et
831 2094 958 2166 tunica
986 2118 1060 2165 una
1092 2105 1300 2170 contentus,

178 2223 245 2295 pro
265 2198 432 2297 corrigia
451 2198 650 2271 funiculum
671 2199 890 2273 immutavit.
935 2201 1044 2272 Parat
1059 2198 1128 2270 sibi
1147 2223 1196 2270 ex
1215 2213 1302 2268 tunc

179 2304 347 2379 tunicam
367 2304 486 2378 erucis
507 2306 708 2404 imaginem
728 2308 1012 2404 praeferentem,
1037 2322 1077 2378 ut
1100 2304 1136 2377 in
1156 2329 1201 2376 ea
1220 2329 1303 2400 pro·

178 2412 306 2508 pulset
320 2439 452 2486 omnes
481 2413 744 2488 daemoniacas
764 2414 997 2512 phantasias:
1020 2426 1128 2510 parat
1147 2410 1303 2509 asperri-

180 2545 292 2605 mam,
313 2537 352 2593 ut
367 2545 517 2593 carnem
534 2520 570 2593 in
586 2547 631 2594 ea
645 2521 840 2619 crucifigat
855 2548 939 2595 cum
953 2521 1051 2592 vitiis
1066 2536 1105 2592 et
1118 2517 1299 2616 peccatis:

118 2651 156 2697 ao
180 2644 289 2723 parat
313 2627 477 2723 denique
505 2629 782 2723 pauperrimam
811 2646 848 2701 et
877 2629 1063 2707 incultam,
1095 2642 1133 2698 et
1161 2651 1258 2722 quae
1281 2651 1304 2698 a

182 2735 324 2807 mundo
354 2735 563 2808 nullatenus
591 2736 714 2809 valeat
743 2735 966 2832 concupisci.
1025 2734 1185 2807 Caetera
1214 2758 1303 2804 vero

181 2867 279 2937 quae
300 2842 479 2924 audierat,
493 2866 639 2916 summa
658 2869 742 2915 cum
762 2842 967 2939 diligentia,
985 2866 1130 2914 summa
1146 2865 1230 2911 cum
1250 2865 1304 2912 re-

181 2949 361 3035 verentia,
379 2949 501 3022 lacere
521 2949 718 3045 gestiebat.
759 2950 845 3022 Non
866 2948 964 3022 enim
985 2950 1105 3021 luerat
1118 2947 1303 3044 evangelii

182 3056 317 3129 surdus
336 3055 494 3139 auditor,
517 3055 583 3128 sed
603 3054 776 3129 laudabili
797 3055 999 3130 memoriae
1020 3078 1117 3150 quae
1136 3054 1305 3126 audierat

119 3189 154 3254 25
183 3177 318 3235 cuncta
346 3162 626 3246 commendans,
656 3164 705 3236 ad
733 3162 893 3236 litteram
922 3163 1123 3261 diligenter
1150 3160 1303 3257 implere

184 3271 349 3342 curabat.

258 3494 280 3535 1.
300 3479 329 3532 H
344 3478 506 3548 simpliciter
592 3493 650 3531 1-2.
669 3480 702 3532 M
717 3480 835 3533 narratio
921 3495 945 3533 2.
965 3481 1021 3544 AS,
1043 3482 1078 3543 Ε,
1100 3482 1135 3544 L,
1158 3482 1199 3534 Or
1220 3480 1303 3542 Quod

185 3560 228 3614 As
246 3579 295 3613 om.
314 3578 363 3630 per
383 3561 507 3613 ordinem
580 3577 604 3626 4.
626 3563 656 3615 ll
673 3579 722 3614 om.
741 3579 789 3616 seu
809 3562 951 3632 pecuniam
1028 3578 1050 3629 5.
1067 3564 1102 3615 Os
1121 3580 1168 3615 om.
1185 3579 1238 3614 non
1259 3579 1306 3631 pn·

185 3656 247 3693 nem
322 3656 344 3709 7.
362 3640 391 3693 H
405 3657 455 3694 om.
471 3640 570 3694 habere
643 3657 668 3712 9.
683 3643 705 3695 B
719 3660 767 3695 om.
784 3643 939 3712 inquit-est
1014 3657 1054 3695 ro.
1070 3644 1112 3705 ll,
1129 3642 1151 3694 P
1165 3641 1305 3695 festinans

188 3736 281 3790 12-13.
296 3723 317 3777 R
331 3739 380 3774 om.
393 3719 511 3791 aliquam
589 3736 627 3789 ις.
643 3721 708 3789 una]
724 3721 752 3774 H
762 3722 822 3774 sola
874 3724 897 3776 E
910 3734 1082 3791 contemptus
1161 3723 1197 3774 18.
1212 3722 1241 3774 H
1253 3723 1306 3774 dia·

186 3800 288 3855 bolicas
371 3803 452 3855 20.ll
464 3812 538 3871 parat
555 3801 604 3854 sibi
655 3802 782 3873 denique]
801 3804 835 3856 Os
852 3804 1051 3863 deinde;Rex
1069 3815 1133 3856 tunc
1215 3800 1304 3865 ma,

190 3883 230 3935 Ox
248 3883 375 3954 cupiebat
