3142 4875
272 318 318 368 10
665 317 838 367 LEGENDA
865 318 977 367 PRlMA

264 568 413 651 poterat
448 552 601 626 visionis
642 552 752 625 huius
784 576 889 624 suam
924 548 1269 647 interpretationem
1308 572 1382 620 non

263 686 348 735 esse
366 685 506 744 veram,
529 658 625 755 quia,
644 658 731 732 licet
757 658 848 732 satis
867 683 990 731 rerum
1011 672 1203 755 gestarum
1225 658 1383 751 [utcum-

263 771 354 864 que]
376 766 654 840 similitudinem
674 764 893 850 contineret,
911 789 985 837 non
1001 779 1126 836 tamen
1142 764 1289 835 animus
1303 763 1384 835 eius

264 875 363 947 circa
390 872 478 947 talia
507 874 616 946 solito
645 870 863 945 laetabatur.
905 870 990 943 Vim
1013 894 1174 966 namque
1193 870 1383 966 quandam

264 980 413 1054 sibimet
442 981 565 1053 lacere
601 979 811 1075 oportebat,
842 994 883 1051 ut
919 976 1086 1075 cogitata
1121 976 1318 1073 perficeret
1345 991 1383 1047 et
1412 1003 1428 1068 5

262 1088 333 1160 iter
352 1087 590 1183 concupitum
611 1084 757 1159 effectui
777 1085 1018 1182 manciparet.
1067 1084 1117 1156 Et
1135 1081 1286 1180 quidem
1306 1083 1384 1180 pul·

264 1194 352 1267 chre
379 1193 471 1268 satis
498 1192 619 1292 primo
646 1194 693 1265 de
722 1193 835 1265 armis
864 1191 904 1264 fit
933 1190 1082 1273 mentio,
1105 1207 1144 1263 et
1171 1207 1383 1286 opportune

264 1301 420 1374 multum
449 1326 554 1394 arma
581 1299 777 1374 traduntur
805 1316 935 1371 contra
954 1298 1086 1371 sortem
1116 1314 1299 1370 armatum
1321 1294 1384 1368 mi-

263 1406 316 1479 liti
344 1423 569 1504 pugnaturo,
601 1423 641 1479 ut
668 1406 774 1504 quasi
803 1405 897 1479 alter
924 1404 1050 1478 David
1079 1405 1115 1476 in
1146 1402 1295 1476 nomine
1319 1404 1383 1476 do-

264 1513 353 1587 mini
381 1513 455 1588 Dei
484 1514 715 1587 exercituum
744 1514 792 1585 ab
822 1513 1029 1585 inveterato
1058 1510 1291 1583 inimicorum
1319 1535 1384 1606 op·
1415 1536 1451 1583 10
1543 1549 1545 1590 2

263 1620 417 1718 probrio
444 1619 577 1694 liberet
605 1618 792 1693 lsraelem.

268 2008 446 2098 Qualiter
469 2018 586 2081 mente
612 2009 678 2081 sed
701 2033 774 2081 non
801 2020 945 2105 corpore
964 2019 1131 2081 mutatus
1149 2009 1192 2081 de
1211 2008 1384 2083 thesauro

344 2127 489 2197 invento
516 2135 550 2197 et
575 2134 707 2222 sponsa
735 2125 929 2222 allegante
958 2125 1182 2221 loquebatur.
1240 2125 1300 2198 Ill.

344 2325 379 2391 6.
410 2320 630 2394 Immutatus
658 2345 819 2417 quoque,
852 2323 918 2394 sed
947 2338 1074 2394 mente
1108 2346 1181 2394 non
1211 2348 1379 2420 corpore,

262 2424 315 2500 ire
344 2425 381 2499 in
416 2426 593 2524 Apuliam
633 2426 706 2502 iam
743 2444 902 2515 recusat,
933 2446 971 2502 et
1006 2429 1238 2503 voluntatem
1275 2456 1382 2504 suam
1414 2464 1451 2529 15

262 2532 389 2606 studet
406 2533 570 2632 dirigere
589 2534 637 2608 ad
657 2535 793 2608 divina.
837 2535 974 2632 Sicque
994 2561 1196 2634 parumper
1213 2561 1238 2610 a
1256 2561 1383 2611 saecu-

162 2640 165 2645 ’
262 2640 328 2713 lari
357 2642 515 2715 tumultu
545 2667 587 2715 se
614 2643 838 2715 subtrahens
866 2658 905 2715 et
932 2644 1097 2741 negotiu,
1120 2645 1247 2718 studet
1266 2644 1302 2716 in
1331 2644 1383 2717 in-

261 2746 387 2820 teriori
416 2746 567 2821 homine
587 2749 792 2822 recondere
811 2748 932 2821 Iesum
954 2749 1155 2823 Christum.
1212 2750 1383 2823 Abscon-

261 2854 315 2926 dit
342 2854 444 2928 velut
479 2854 645 2952 prudens
673 2855 887 2954 negotiator
915 2857 1155 2953 margaritam
1193 2856 1382 2932 inventam

261 2960 378 3034 oculis
399 2961 599 3047 illusorum,
617 2979 656 3035 et
674 2962 818 3035 occulte
839 2961 966 3035 nititur
979 2988 1062 3036 eam
1083 2962 1243 3037 venditis
1262 2964 1383 3037 omni·
1410 2993 1450 3039 20

262 3068 332 3140 bus
368 3093 597 3166 comparare.
662 3071 760 3143 Nam
789 3095 873 3142 cum
902 3068 958 3142 vir
985 3070 1137 3166 quidam
1165 3069 1202 3142 in
1232 3070 1382 3144 civitate

261 3174 395 3247 Assisii
426 3174 546 3273 magis
575 3176 670 3249 inter
706 3192 876 3249 caeteros
904 3175 973 3249 sibi
1003 3176 1160 3250 dilectus
1189 3178 1378 3262 existeret,

262 3282 440 3376 quoniam
469 3283 578 3355 unius
606 3308 689 3355 cum
720 3308 766 3356 eo
795 3298 875 3355 erat
907 3283 1051 3367 aetatis,
1082 3302 1121 3356 et
1148 3278 1299 3358 assidua
1327 3287 1382 3359 sa·

262 3388 453 3461 miliaritas
480 3405 633 3463 mutuae
664 3388 878 3463 dilectionis
905 3391 953 3462 ad
989 3390 1300 3465 communicanda
1327 3417 1382 3465 se·

263 3511 364 3568 creta
392 3521 461 3568 sua
488 3495 558 3594 ipsi
577 3497 775 3593 praeberet
794 3522 936 3580 ausum,
960 3523 1045 3570 eum
1066 3499 1114 3570 ad
1135 3497 1216 3571 loca
1236 3516 1381 3572 remota
1410 3523 1449 3589 25

261 3618 299 3674 et
326 3618 415 3699 apta
443 3603 606 3677 consiliis
633 3605 783 3702 saepius
811 3604 1052 3701 perducebat,
1085 3605 1274 3701 quendam
1302 3606 1381 3679 the·

336 3827 356 3865 1.
378 3812 407 3864 H
423 3812 479 3865 eius
552 3827 576 3866 2.
599 3814 633 3868 Os
652 3825 788 3884 gestarum
808 3814 834 3866 in
854 3829 883 3867 se
957 3815 1219 3885 2·3.Butrumque
1293 3830 1315 3884 5.
1334 3817 1382 3882 Os,

262 3889 351 3942 Rsibi
430 3889 454 3945 6.
480 3892 515 3946 W
530 3892 650 3962 cupitum
731 3892 791 3963 6-7.
813 3894 848 3947 Or
866 3912 914 3946 om.
935 3893 1184 3948 effectui-mentio
1258 3897 1422 3963 9-10.H·

260 3987 309 4024 om.
329 3969 432 4023 domini
509 3988 604 4025 ro·11.
625 3973 644 4026 R
665 3992 713 4026 om.
733 3974 765 4026 ab
786 3976 803 4027 i.
822 3974 839 4026 i.
860 3974 1006 4044 opprobrio
1082 3990 1121 4029 11.
1139 3975 1181 4039 H,
1203 3975 1238 4029 Os
1257 3974 1384 4030 liberaret

259 4049 283 4103 E
298 4049 443 4102 Ierusalem
519 4066 557 4104 12.
574 4053 599 4105 E
613 4052 774 4106 immutatus
850 4070 889 4121 13·
904 4055 934 4106 Μ
948 4071 996 4106 ont.
1013 4066 1039 4107 et
1054 4070 1155 4124 sponsa
1231 4069 1269 4119 14.
1286 4055 1320 4109 Os
1333 4072 1383 4110 om.

260 4144 368 4198 quoque
445 4129 779 4200 15.iam]Rse;Wnon
855 4133 957 4194 16.0s,
979 4132 1174 4188 Oxiamstud.
1221 4134 1329 4199 A5,E,
1346 4136 1382 4199 L,

261 4210 303 4272 M,
326 4209 381 4274 Ox,
408 4209 442 4262 W
458 4211 577 4263 divinam
664 4228 705 4267 20.
727 4213 756 4266 M
774 4231 824 4267 om.
844 4213 929 4267 oculis
948 4214 964 4266 i.
984 4231 1007 4266 e.
1027 4213 1134 4267 occulte
1221 4228 1264 4268 22.
1284 4215 1305 4267 R
1325 4233 1383 4269 ma·

261 4304 349 4420 giguso
383 4289 417 4342 Os
436 4289 550 4343 dilectos
637 4306 734 4362 ²²·23·
755 4292 776 4345 R
795 4311 844 4346 oni.
864 4294 1045 4347 sibi-aetatis
1131 4308 1162 4363 25
1193 4292 1257 4365 ipsi]
1279 4295 1314 4349 Os
1332 4295 1383 4349 sibi

262 4381 304 4417 2.
350 4381 440 4437 rapte
