3142 4875
242 334 317 423 284
617 359 788 410 Laounun
817 360 985 410 secunus

379 685 582 780 [Quomodo
609 711 738 758 vorum
764 685 982 759 obedientem
1009 687 1213 783 descripsit,

441 810 476 873 ot
501 801 544 873 do
572 800 695 874 tribus
722 800 963 901 obedientiis}
1024 801 1139 874 CXII.

318 1008 401 1080 152.
444 987 533 1061 Alio
570 1003 740 1086 tempore
774 988 912 1061 sedens
948 1014 1033 1062 cum
1070 987 1181 1062 sociis
1220 989 1354 1062 beatus

233 1095 455 1168 Franciscus
483 1093 557 1168 tale
584 1095 775 1191 quoddam
804 1093 926 1168 emisit
954 1094 1171 1194 suspirium:
1198 1094 1272 1168 Vix
1290 1097 1353 1169 ali·

234 1201 317 1297 quis
344 1201 543 1300 religiosus
562 1218 620 1275 est
648 1202 685 1274 in
713 1218 795 1275 toto
815 1203 967 1288 mund0,
989 1203 1053 1299 qui
1081 1203 1246 1300 perfecte
1265 1203 1353 1276 obe·
1383 1229 1401 1294 5

234 1309 312 1381 diat
339 1307 506 1406 praelato
534 1334 614 1382 suo.
672 1308 836 1382 Permoti
865 1309 955 1382 socii
989 1309 1163 1382 dixerunt
1190 1308 1244 1382 ei:
1279 1308 1352 1382 Dic

233 1415 351 1498 nobis,
382 1431 498 1512 pater,
529 1413 703 1513 quaesit
730 1416 897 1512 perlecta
932 1432 970 1490 et
1004 1442 1149 1490 summa
1177 1416 1353 1490 obedien·

232 1520 295 1599 tia,
350 1521 404 1594 At
437 1520 506 1607 ille,
537 1546 667 1595 verum
696 1522 913 1596 describens
948 1522 1187 1597 obedientem
1216 1525 1286 1597 sub
1314 1523 1352 1596 fi-

232 1653 327 1724 gura
356 1628 523 1726 corporis
551 1630 697 1713 mortui,
724 1629 934 1727 respondit:
965 1628 1073 1703 Tolle
1103 1655 1239 1727 corpus
1266 1655 1351 1703 exa-

233 1733 341 1818 nime,
360 1751 398 1807 et
417 1734 480 1808 ubi
499 1734 680 1833 placuerit
698 1761 809 1833 pone.
867 1735 1024 1809 Videbis
1043 1761 1117 1809 non
1138 1762 1352 1834 repugnare
1385 1762 1427 1810 ιο

232 1857 386 1926 motum,
418 1866 491 1914 non
529 1868 761 1916 murmurare
795 1841 917 1930 situm,
949 1869 1022 1916 non
1059 1841 1264 1917 reclamare
1300 1842 1352 1917 di-

231 1947 396 2021 missum.
456 1949 571 2044 Quod
598 1950 628 2022 si
667 1965 852 2023 statuatur
880 1948 916 2021 in
946 1950 1134 2034 cathedra,
1166 1975 1241 2023 non
1276 1948 1352 2024 alta

230 2055 298 2128 sed
330 2055 404 2128 ima
436 2055 630 2153 respiciet;
661 2055 691 2128 si
725 2055 928 2129 collocetur
961 2057 997 2128 in
1030 2082 1204 2154 purpura,
1236 2057 1351 2154 duplo

231 2161 420 2258 pallescet.
478 2162 561 2246 Hic,
585 2162 713 2259 inquit,
735 2188 847 2236 verus
874 2162 1056 2236 obediens
1083 2179 1158 2246 est;
1189 2189 1255 2235 cur
1274 2190 1350 2237 mo·

230 2285 362 2342 veatur
380 2294 455 2342 non
475 2267 662 2354 diiudicat,
685 2270 747 2342 ubi
776 2268 919 2343 locetur
938 2295 1013 2343 non
1042 2286 1156 2352 curat,
1176 2287 1216 2341 ut
1234 2285 1350 2344 trans·
1383 2294 1421 2361 ¹5

232 2391 394 2449 mutetur
409 2401 484 2450 non
500 2374 623 2450 instat.
662 2377 827 2451 Evectus
842 2377 890 2450 ad
906 2376 1070 2451 officium
1084 2377 1231 2451 solitam
1246 2394 1350 2451 tenet

117 2571 120 2577 ¹
230 2482 486 2569 humilitatem,
516 2484 600 2581 plus
637 2484 842 2557 honoratus
876 2484 960 2582 plus
994 2500 1143 2582 reputat
1178 2510 1219 2557 se
1255 2484 1350 2558 indi·

229 2589 358 2685 gnum.
415 2590 503 2664 Alia
528 2590 608 2663 vice
642 2590 689 2662 de
718 2591 930 2665 huiusmodi
959 2594 1127 2688 loquens,
1150 2617 1350 2665 concessas

227 2713 314 2791 post
332 2694 552 2793 petitionem
573 2697 723 2794 proprie
742 2697 910 2772 licentias
930 2697 1032 2782 dixit,
1056 2699 1240 2772 iniunctas
1258 2724 1349 2772 vero

230 2827 298 2875 nec
319 2803 525 2899 postulatas
539 2829 665 2877 sacras
684 2803 918 2878 obedientias
938 2805 1154 2879 nominavit.
1204 2805 1350 2879 Utram·
1378 2832 1423 2879 20

227 2934 300 3004 que
328 2909 467 2983 bonam
496 2909 654 2994 dicebat,
676 2912 743 2984 sed
772 2911 882 2984 aliam
911 2913 1097 2986 tutiorem.
1155 2912 1348 2986 Summam

225 3040 317 3088 vero
345 3033 384 3088 et
412 3018 448 3089 in
477 3042 552 3114 qua
581 3017 669 3090 nihil
698 3019 855 3092 haberet
883 3043 970 3092 caro
994 3036 1032 3092 et
1060 3020 1225 3118 sanguis,
1249 3018 1347 3092 illam

228 3147 312 3196 esse
341 3125 518 3197 credebat
537 3149 612 3221 qua
639 3125 765 3199 divina
793 3125 1034 3222 inspiratione
1064 3126 1160 3200 inter
1179 3124 1348 3199 infideles

227 3227 310 3315 itur,
341 3231 420 3305 sive
448 3233 497 3304 ob
526 3232 782 3328 proximorum
812 3232 964 3316 lucrum,
996 3233 1074 3306 sive
1103 3234 1152 3306 ob
1181 3231 1347 3328 martyrii

228 3336 464 3411 desiderium.
523 3338 631 3411 Hanc
659 3365 748 3413 vero
785 3354 915 3435 petere
952 3339 1107 3413 multum
1142 3340 1228 3413 Deo
1258 3338 1348 3412 iudi·
1377 3368 1420 3433 25

227 3444 337 3517 cahat
363 3459 571 3542 acceptum.

370 3741 499 3834 [Quod
525 3766 597 3813 non
625 3751 678 3812 ost
703 3741 746 3813 do
774 3740 851 3812 lovi
868 3751 942 3837 por
965 3740 1206 3813 obedientiam

518 3857 857 3951 praecipiendum}
916 3855 1050 3928 CXIII.

308 4061 391 4133 153.
414 4041 485 4113 Per
504 4040 755 4114 obedientiam
785 4040 911 4136 itaque
931 4066 1015 4115 raro
1040 4040 1346 4137 praecipiendum

226 4147 379 4232 censuit,
399 4173 469 4219 nec
490 4149 611 4245 primo
640 4147 910 4220 fulminandum
934 4146 1107 4233 iaculum,
1134 4148 1236 4244 quod
1262 4172 1345 4221 esse
1378 4176 1421 4242 30

298 4350 321 4401 7.
340 4338 459 4407 summa]
481 4341 510 4391 ,ll
529 4356 592 4393 vera
668 4356 707 4405 14.
730 4340 751 4393 R
774 4340 897 4410 pallescit
969 4356 1011 4411 23,
1035 4339 1170 4410 credebat]
1192 4341 1221 4393 M
1239 4338 1347 4394 ditebat

230 4412 321 4479 25-26.
343 4417 372 4467 ,ll
390 4418 550 4472 diiudicabat
623 4434 666 4490 29.
686 4420 719 4472 M
735 4421 904 4492 praecipiens
