3142 4875
691 399 809 450 INDEX
1158 396 1310 448 LXXXVII

178 623 213 677 II.
233 622 277 675 De
292 622 381 676 caecis
399 621 491 674 visum
509 621 708 692 recipientibus
727 660 1131 674 ..........
1160 635 1222 690 pag.
1261 635 1307 686 141

179 702 228 755 III.
248 702 292 755 De
311 702 498 755 daemoniacis
548 740 1220 756 ................
1260 715 1310 766 142

181 783 227 835 IV.
248 782 291 835 De
305 781 418 835 infirmis
437 799 452 835 a
472 793 564 836 morte
593 782 739 849 revocatis,
757 782 791 836 de
818 780 927 852 turgido
955 793 981 834 et
1011 779 1169 851 hydropico,
1188 779 1221 832 de

254 861 399 926 arthritico,
419 862 452 915 de
471 861 630 934 paralyticis
650 875 677 916 et
696 862 756 915 aliis
776 861 889 915 diversis
908 859 1131 915 infirmitatibus.
1169 901 1175 914 .
1213 903 1220 915 .
1261 875 1307 927 144

179 941 214 996 V.
233 941 279 994 De
298 940 409 1011 leprosis
428 942 568 996 mundatis
593 979 1218 995 ...............
1260 940 1309 1005 148

179 1021 229 1074 VI.
250 1020 294 1074 De
313 1024 394 1075 mutis
409 1021 585 1093 loquentibus
604 1034 630 1075 et
648 1021 736 1075 surdis
756 1021 929 1075 audientibus
948 1060 1218 1075 .......
1260 1033 1308 1089 149

180 1100 336 1158 Conclusio
359 1139 1219 1158 ....................
1258 1114 1304 1168 151

614 1331 879 1413 INDEX

332 1483 556 1552 Rubricatum
576 1504 620 1550 nr
641 1482 889 1551 Caetruronuu
910 1481 1094 1549 Lroeuonr.
1113 1481 1156 1549 II.

177 1679 296 1734 liabetur
325 1718 1044 1734 .................
1084 1693 1145 1748 pag.
1187 1675 1308 1746 155-166

613 1849 965 1999 INDEXv

360 2060 608 2128 Caururoaun
628 2060 836 2129 Tancrnrus
859 2081 905 2127 or
925 2060 1125 2127 Minacurts.

177 2265 196 2318 1.
217 2264 306 2328 Quod
327 2277 403 2318 ortus
422 2264 561 2336 religionis
576 2280 641 2318 suae
661 2264 791 2318 mirabilis
810 2264 860 2318 suit
896 2302 1217 2320 ........
1255 2278 1303 2333 441

176 2345 208 2399 II.
228 2346 273 2399 De
293 2344 428 2398 miraculo
448 2345 610 2415 stigmatum
630 2358 657 2398 et
673 2344 771 2398 modus
789 2343 967 2415 apparitionis
982 2344 1080 2416 seraph
1094 2343 1119 2397 ei
1138 2360 1219 2415 appa·

247 2433 345 2480 rentrs'
362 2464 1216 2480 ....................
1256 2440 1305 2496 442

177 2505 220 2559 III.
239 2506 284 2560 De
312 2504 434 2558 dominio
462 2505 534 2576 quod
563 2504 659 2558 habuit
688 2522 769 2576 super
794 2504 924 2559 creaturis
953 2504 1160 2559 insensibilibus.
1186 2504 1219 2558 Et

247 2587 342 2655 primo
362 2583 396 2638 de
415 2587 479 2654 igne
530 2622 1162 2640 ...............
1209 2624 1216 2639 .
1256 2599 1306 2655 35²

177 2664 223 2720 IV.
243 2665 289 2718 De
311 2664 439 2717 dominio
459 2665 530 2736 quod
550 2664 740 2736 habuitsuper
759 2664 928 2719 sensibilibus
950 2664 1080 2718 creaturis
1122 2704 1129 2718 .
1166 2704 1173 2717 .
1212 2706 1217 2717 .
1258 2680 1304 2734 355

176 2743 209 2799 V.
230 2744 364 2808 Qualiter
383 2744 527 2798 desideriis
547 2745 575 2798 S.
592 2744 728 2799 FrancIsci
749 2758 857 2818 praesto
873 2745 923 2799 fuit
940 2762 1047 2816 semper
1060 2744 1151 2797 divina
1165 2744 1219 2798 cle·

248 2824 359 2878 mentia
405 2862 1218 2880 ...................
1258 2823 1304 2893 461

177 2903 225 2959 VI.
244 2905 290 2958 De
312 2903 435 2957 Domina
453 2903 553 2957 Iacoba
573 2905 605 2958 de
626 2904 738 2977 Septem
758 2905 850 2960 Soliis.
898 2945 904 2958 .
944 2930 957 2959 .·
989 2944 1218 2959 ......
1256 2903 1305 2974 464

177 2984 238 3038 VII.
257 2985 307 3038 De
327 2980 597 3038 mortuis'suscitatis
616 3002 664 3056 per
682 2986 778 3040 merita
798 2986 871 3039 beati
889 2984 1027 3039 Francisci
1078 3024 1085 3040 .
1121 3025 1129 3039 .
1168 3025 1175 3037 .
1211 3023 1218 3037 .
1258 2982 1308 3054 466

178 3064 253 3119 VIII.
272 3063 320 3118 De
335 3063 388 3118 hiis
404 3080 474 3135 quos
490 3080 505 3117 a
521 3064 598 3118 fauce
614 3066 709 3119 mortIs
726 3067 860 3120 advitam
875 3065 979 3119 reduxit
989 3103 1218 3119 ......
1258 3080 1305 3135 474

178 3143 224 3198 IX.
245 3145 289 3198 De
305 3144 463 3215 hydropicis
480 3156 506 3197 et
522 3144 677 3215 paralyticis
721 3184 1217 3200 ............
1257 3146 1304 3216 484

177 3223 209 3278 X.
229 3225 272 3278 De
284 3221 428 3293 naufragis
443 3223 563 3278 liberatis
583 3264 1217 3281 ...............
1256 3227 1303 3293 484

177 3302 223 3357 XI.
243 3303 287 3357 De
304 3304 452 3357 carceratis
468 3314 495 3355 et
507 3303 607 3357 vinctis
628 3342 1216 3360 ..............
1256 3305 1305 3372 488

178 3380 238 3438 Xil.
258 3383 303 3436 De
317 3382 439 3435 liberatis
455 3382 601 3452 apericulo
613 3395 703 3454 partus
718 3397 744 3436 et
757 3383 791 3437 de
801 3400 858 3437 non
870 3385 1041 3438 servantibus
1050 3383 1107 3438 eius
1119 3382 1217 3437 festum
1257 3399 1288 3454 49
1293 3400 1303 3452 4

179 3461 253 3516 XIII.
273 3463 319 3516 De
339 3462 423 3533 ruptis
442 3474 469 3515 et
487 3463 617 3533 reparatIs
628 3502 1214 3519 ..............
1251 3479 1304 3528 4οο

178 3540 251 3594 XIV.
271 3542 317 3596 De
336 3541 427 3595 caecis
446 3554 473 3595 et
490 3541 577 3595 surdis
596 3555 623 3596 et
643 3544 725 3597 mutis
762 3581 1214 3598 ...........
1251 3559 1304 3609 404

178 3619 239 3676 XV.
260 3622 304 3676 De
321 3621 435 3693 leprosis
450 3633 477 3674 et
491 3621 651 3693 sanguifluis
672 3663 1214 3680 .............
1251 3639 1303 3690 412

180 3696 254 3762 XVI.
274 3700 319 3754 De
335 3700 437 3755 insanis
452 3712 478 3754 et
491 3702 677 3756 daemoniacis
715 3742 1214 3761 ............
1252 3720 1302 3776 414

179 3777 269 3833 XVII.
289 3780 333 3833 De
353 3781 499 3836 contractis
518 3795 545 3836 et
564 3782 722 3840 confractIs.
759 3826 766 3840 .
805 3824 811 3839 .
850 3794 885 3838 .’
895 3824 1215 3842 ........
1252 3785 1305 3850 416

181 3858 283 3915 XVIII.
303 3861 347 3915 De
362 3862 522 3931 quibusdam
534 3864 648 3918 diversis
664 3865 803 3919 miraculis
851 3904 1215 3920 .........
1253 3881 1302 3931 425

180 3936 253 3992 XIX
271 3939 377 3994 finalis
393 3941 534 3995 conclusio
548 3944 745 3999 miraculorum
761 3946 832 4000 beati
848 3945 980 4000 francisci
1032 3984 1216 4000 .....
1253 3960 1305 4015 441

541 4092 727 4164 Onuscuua
751 4097 951 4166 erunorcn.

180 4230 200 4286 I.
220 4231 351 4304 Legenda
370 4234 404 4287 ad
424 4251 503 4289 usum
523 4237 610 4293 Chori
627 4276 1207 4295 ..............
1254 4256 1304 4311 435

179 4311 211 4365 ΙΙ.
231 4311 395 4384 Sequentia:
415 4313 571 4371 Sanctitatis
591 4335 664 4373 nova
683 4320 760 4390 signa
805 4357 1216 4377 ..........
1254 4320 1307 4386 446

181 4411 196 4442 ι
305 4413 320 4444 n
415 4392 505 4466 Fregit
518 4397 603 4451 victor
619 4400 740 4453 vittualis
760 4435 1215 4456 ...........
1254 4414 1306 4469 449
