<?xml version="1.0" encoding="UTF-8"?>
<!DOCTYPE html PUBLIC "-//W3C//DTD XHTML 1.0 Transitional//EN"
    "http://www.w3.org/TR/xhtml1/DTD/xhtml1-transitional.dtd">
<html xmlns="http://www.w3.org/1999/xhtml" xml:lang="en" lang="en">
 <head>
  <title>
</title>
<meta http-equiv="Content-Type" content="text/html;charset=utf-8" />
  <meta name='ocr-system' content='tesseract 3.04.00' />
  <meta name='ocr-capabilities' content='ocr_page ocr_carea ocr_par ocr_line ocrx_word'/>
</head>
<body>
  <div class='ocr_page' id='page_1' title='image "./sfrancisciassis00dogoog_0391.png"; bbox 0 0 3142 4875; ppageno 0'>
   <div class='ocr_carea' id='block_1_1' title="bbox 586 354 1302 423">
    <p class='ocr_par' dir='ltr' id='par_1_1' title="bbox 586 354 1302 423">
     <span class='ocr_line' id='line_1_1' title="bbox 586 354 1302 423; baseline 0.003 -22"><span class='ocrx_word' id='word_1_1' title='bbox 586 354 692 402; x_wconf 83' lang='lat' dir='ltr'><strong>BEATI</strong></span> <span class='ocrx_word' id='word_1_2' title='bbox 719 354 904 404; x_wconf 82' lang='lat' dir='ltr'>FRANCISCI</span> <span class='ocrx_word' id='word_1_3' title='bbox 1229 356 1302 423; x_wconf 84' lang='lat'><strong>299</strong></span> 
     </span>
    </p>
   </div>
   <div class='ocr_carea' id='block_1_2' title="bbox 116 581 1310 3862">
    <p class='ocr_par' dir='ltr' id='par_1_2' title="bbox 116 581 1310 3862">
     <span class='ocr_line' id='line_1_2' title="bbox 187 581 1306 681; baseline 0.003 -26"><span class='ocrx_word' id='word_1_4' title='bbox 187 581 276 680; x_wconf 86' lang='lat' dir='ltr'><strong>gine</strong></span> <span class='ocrx_word' id='word_1_5' title='bbox 305 582 333 655; x_wconf 89' lang='lat' dir='ltr'><strong>si</strong></span> <span class='ocrx_word' id='word_1_6' title='bbox 363 584 640 681; x_wconf 80' lang='lat' dir='ltr'>germaniorem</span> <span class='ocrx_word' id='word_1_7' title='bbox 661 582 799 656; x_wconf 89' lang='lat' dir='ltr'>Christi</span> <span class='ocrx_word' id='word_1_8' title='bbox 828 584 989 657; x_wconf 89' lang='lat' dir='ltr'><strong>charitas</strong></span> <span class='ocrx_word' id='word_1_9' title='bbox 1014 584 1183 658; x_wconf 78' lang='lat' dir='ltr'>faciebat.</span> <span class='ocrx_word' id='word_1_10' title='bbox 1241 586 1306 658; x_wconf 87' lang='lat' dir='ltr'><strong>Sa·</strong></span> 
     </span>
     <span class='ocr_line' id='line_1_3' title="bbox 186 689 1306 786; baseline 0.004 -24"><span class='ocrx_word' id='word_1_11' title='bbox 186 689 253 762; x_wconf 92' lang='lat' dir='ltr'><strong>luti</strong></span> <span class='ocrx_word' id='word_1_12' title='bbox 282 716 442 786; x_wconf 87' lang='lat' dir='ltr'><strong>namque</strong></span> <span class='ocrx_word' id='word_1_13' title='bbox 479 691 686 764; x_wconf 89' lang='lat' dir='ltr'><strong>animarum</strong></span> <span class='ocrx_word' id='word_1_14' title='bbox 723 707 915 786; x_wconf 90' lang='lat' dir='ltr'><strong>praestare</strong></span> <span class='ocrx_word' id='word_1_15' title='bbox 943 691 1032 764; x_wconf 82' lang='lat' dir='ltr'>nihil</span> <span class='ocrx_word' id='word_1_16' title='bbox 1069 692 1227 777; x_wconf 90' lang='lat' dir='ltr'><strong>dicebat,</strong></span> <span class='ocrx_word' id='word_1_17' title='bbox 1259 719 1306 766; x_wconf 92' lang='lat' dir='ltr'><strong>eo</strong></span> 
     </span>
     <span class='ocr_line' id='line_1_4' title="bbox 187 796 1306 894; baseline 0.003 -25"><span class='ocrx_word' id='word_1_18' title='bbox 187 796 336 893; x_wconf 87' lang='lat' dir='ltr'><strong>saepius</strong></span> <span class='ocrx_word' id='word_1_19' title='bbox 364 800 528 893; x_wconf 86' lang='lat' dir='ltr'><strong>probans</strong></span> <span class='ocrx_word' id='word_1_20' title='bbox 557 796 659 893; x_wconf 93' lang='lat' dir='ltr'><strong>quod</strong></span> <span class='ocrx_word' id='word_1_21' title='bbox 678 796 904 894; x_wconf 89' lang='lat' dir='ltr'><strong>Unigenitus</strong></span> <span class='ocrx_word' id='word_1_22' title='bbox 925 798 998 870; x_wconf 89' lang='lat' dir='ltr'><strong>Dei</strong></span> <span class='ocrx_word' id='word_1_23' title='bbox 1017 823 1086 894; x_wconf 89' lang='lat' dir='ltr'><strong>pro</strong></span> <span class='ocrx_word' id='word_1_24' title='bbox 1110 799 1306 872; x_wconf 87' lang='lat' dir='ltr'>animabus</span> 
     </span>
     <span class='ocr_line' id='line_1_5' title="bbox 187 902 1306 1001; baseline 0.003 -26"><span class='ocrx_word' id='word_1_25' title='bbox 187 902 364 1000; x_wconf 90' lang='lat' dir='ltr'><strong>dignatus</strong></span> <span class='ocrx_word' id='word_1_26' title='bbox 385 903 493 977; x_wconf 83' lang='lat' dir='ltr'><strong>luerit</strong></span> <span class='ocrx_word' id='word_1_27' title='bbox 521 904 557 976; x_wconf 90' lang='lat' dir='ltr'><strong>in</strong></span> <span class='ocrx_word' id='word_1_28' title='bbox 586 929 695 976; x_wconf 90' lang='lat' dir='ltr'><strong>cruce</strong></span> <span class='ocrx_word' id='word_1_29' title='bbox 724 905 900 1001; x_wconf 87' lang='lat' dir='ltr'><strong>pendere.</strong></span> <span class='ocrx_word' id='word_1_30' title='bbox 929 981 932 987; x_wconf 73' lang='grc'><strong>,</strong></span> <span class='ocrx_word' id='word_1_31' title='bbox 958 905 1056 977; x_wconf 88' lang='lat' dir='ltr'><strong>Hinc</strong></span> <span class='ocrx_word' id='word_1_32' title='bbox 1085 904 1154 977; x_wconf 90' lang='lat' dir='ltr'><strong>sibi</strong></span> <span class='ocrx_word' id='word_1_33' title='bbox 1175 907 1210 978; x_wconf 93' lang='lat' dir='ltr'><strong>in</strong></span> <span class='ocrx_word' id='word_1_34' title='bbox 1227 932 1306 979; x_wconf 88' lang='lat' dir='ltr'><strong>ora·</strong></span> 
     </span>
     <span class='ocr_line' id='line_1_6' title="bbox 144 1009 1306 1108; baseline 0.001 -26"><span class='ocrx_word' id='word_1_35' title='bbox 144 1036 160 1102; x_wconf 90' lang='lat'><em>5</em></span> <span class='ocrx_word' id='word_1_36' title='bbox 186 1010 289 1083; x_wconf 88' lang='lat' dir='ltr'><strong>tione</strong></span> <span class='ocrx_word' id='word_1_37' title='bbox 317 1009 514 1094; x_wconf 88' lang='lat' dir='ltr'><strong>luctamen,</strong></span> <span class='ocrx_word' id='word_1_38' title='bbox 539 1011 574 1083; x_wconf 91' lang='lat' dir='ltr'><strong>in</strong></span> <span class='ocrx_word' id='word_1_39' title='bbox 604 1010 881 1108; x_wconf 90' lang='lat' dir='ltr'><strong>praedicatione</strong></span> <span class='ocrx_word' id='word_1_40' title='bbox 901 1012 1100 1095; x_wconf 88' lang='lat' dir='ltr'><strong>discursus,</strong></span> <span class='ocrx_word' id='word_1_41' title='bbox 1122 1011 1159 1084; x_wconf 92' lang='lat' dir='ltr'><strong>in</strong></span> <span class='ocrx_word' id='word_1_42' title='bbox 1182 1038 1306 1086; x_wconf 89' lang='lat' dir='ltr'><strong>exem-</strong></span> 
     </span>
     <span class='ocr_line' id='line_1_7' title="bbox 187 1116 1305 1215; baseline 0.004 -27"><span class='ocrx_word' id='word_1_43' title='bbox 187 1116 258 1214; x_wconf 91' lang='lat' dir='ltr'><strong>plis</strong></span> <span class='ocrx_word' id='word_1_44' title='bbox 277 1118 410 1190; x_wconf 91' lang='lat' dir='ltr'><strong>dandis</strong></span> <span class='ocrx_word' id='word_1_45' title='bbox 429 1143 617 1190; x_wconf 87' lang='lat' dir='ltr'><strong>excessus.</strong></span> <span class='ocrx_word' id='word_1_46' title='bbox 675 1118 760 1189; x_wconf 92' lang='lat' dir='ltr'><strong>Non</strong></span> <span class='ocrx_word' id='word_1_47' title='bbox 781 1143 823 1190; x_wconf 88' lang='lat' dir='ltr'><strong>se</strong></span> <span class='ocrx_word' id='word_1_48' title='bbox 843 1117 980 1191; x_wconf 89' lang='lat' dir='ltr'><strong>Christi</strong></span> <span class='ocrx_word' id='word_1_49' title='bbox 1001 1120 1198 1215; x_wconf 89' lang='lat' dir='ltr'><strong>reputabat</strong></span> <span class='ocrx_word' id='word_1_50' title='bbox 1217 1118 1305 1193; x_wconf 91' lang='lat' dir='ltr'><strong>ami·</strong></span> 
     </span>
     <span class='ocr_line' id='line_1_8' title="bbox 188 1223 1306 1322; baseline 0.002 -26"><span class='ocrx_word' id='word_1_51' title='bbox 188 1249 283 1310; x_wconf 89' lang='lat' dir='ltr'><strong>cum,</strong></span> <span class='ocrx_word' id='word_1_52' title='bbox 308 1224 374 1297; x_wconf 89' lang='lat' dir='ltr'><strong>nisi</strong></span> <span class='ocrx_word' id='word_1_53' title='bbox 394 1225 537 1298; x_wconf 90' lang='lat' dir='ltr'><strong>animas</strong></span> <span class='ocrx_word' id='word_1_54' title='bbox 558 1223 732 1321; x_wconf 84' lang='lat' dir='ltr'><strong>diligeret</strong></span> <span class='ocrx_word' id='word_1_55' title='bbox 750 1250 843 1320; x_wconf 87' lang='lat' dir='ltr'><strong>quas</strong></span> <span class='ocrx_word' id='word_1_56' title='bbox 856 1225 937 1322; x_wconf 82' lang='lat' dir='ltr'><strong>ipse</strong></span> <span class='ocrx_word' id='word_1_57' title='bbox 952 1224 1091 1297; x_wconf 85' lang='lat' dir='ltr'><strong>dilexit.</strong></span> <span class='ocrx_word' id='word_1_58' title='bbox 1149 1226 1199 1297; x_wconf 90' lang='lat' dir='ltr'><strong>Et</strong></span> <span class='ocrx_word' id='word_1_59' title='bbox 1213 1227 1306 1298; x_wconf 87' lang='lat' dir='ltr'><strong>haec</strong></span> 
     </span>
     <span class='ocr_line' id='line_1_9' title="bbox 187 1330 1305 1430; baseline 0.002 -27"><span class='ocrx_word' id='word_1_60' title='bbox 187 1355 305 1428; x_wconf 90' lang='lat' dir='ltr'><strong>penes</strong></span> <span class='ocrx_word' id='word_1_61' title='bbox 324 1358 410 1405; x_wconf 91' lang='lat' dir='ltr'><strong>eum</strong></span> <span class='ocrx_word' id='word_1_62' title='bbox 431 1356 542 1404; x_wconf 89' lang='lat' dir='ltr'><strong>causa</strong></span> <span class='ocrx_word' id='word_1_63' title='bbox 561 1330 755 1428; x_wconf 90' lang='lat' dir='ltr'><strong>potissima</strong></span> <span class='ocrx_word' id='word_1_64' title='bbox 775 1332 976 1406; x_wconf 85' lang='lat' dir='ltr'><strong>venerandi</strong></span> <span class='ocrx_word' id='word_1_65' title='bbox 997 1334 1182 1416; x_wconf 85' lang='lat' dir='ltr'><strong>doctores,</strong></span> <span class='ocrx_word' id='word_1_66' title='bbox 1204 1334 1305 1430; x_wconf 84' lang='lat' dir='ltr'><strong>quod</strong></span> 
     </span>
     <span class='ocr_line' id='line_1_10' title="bbox 190 1436 1307 1535; baseline 0.002 -26"><span class='ocrx_word' id='word_1_67' title='bbox 190 1436 327 1510; x_wconf 84' lang='lat' dir='ltr'><strong>Christi</strong></span> <span class='ocrx_word' id='word_1_68' title='bbox 355 1437 544 1511; x_wconf 89' lang='lat' dir='ltr'><strong>adiutores</strong></span> <span class='ocrx_word' id='word_1_69' title='bbox 574 1464 687 1510; x_wconf 90' lang='lat' dir='ltr'><strong>unum</strong></span> <span class='ocrx_word' id='word_1_70' title='bbox 717 1464 800 1510; x_wconf 92' lang='lat' dir='ltr'><strong>cum</strong></span> <span class='ocrx_word' id='word_1_71' title='bbox 831 1438 981 1512; x_wconf 88' lang='lat' dir='ltr'><strong>Christo</strong></span> <span class='ocrx_word' id='word_1_72' title='bbox 1014 1458 1307 1535; x_wconf 85' lang='lat' dir='ltr'><strong>exsequerentur</strong></span> 
     </span>
     <span class='ocr_line' id='line_1_11' title="bbox 121 1544 1304 1641; baseline 0.003 -26"><span class='ocrx_word' id='word_1_73' title='bbox 121 1568 161 1614; x_wconf 91' lang='lat'><strong>10</strong></span> <span class='ocrx_word' id='word_1_74' title='bbox 189 1544 363 1616; x_wconf 88' lang='lat' dir='ltr'><strong>officium.</strong></span> <span class='ocrx_word' id='word_1_75' title='bbox 422 1546 526 1641; x_wconf 88' lang='lat' dir='ltr'><strong>Ipsos</strong></span> <span class='ocrx_word' id='word_1_76' title='bbox 553 1570 643 1617; x_wconf 91' lang='lat' dir='ltr'><strong>vero</strong></span> <span class='ocrx_word' id='word_1_77' title='bbox 672 1545 814 1630; x_wconf 73' lang='lat' dir='ltr'><strong>fratres</strong></span> <span class='ocrx_word' id='word_1_78' title='bbox 837 1547 939 1618; x_wconf 92' lang='lat' dir='ltr'><strong>velut</strong></span> <span class='ocrx_word' id='word_1_79' title='bbox 963 1547 1190 1619; x_wconf 86' lang='lat' dir='ltr'><strong>domesticos</strong></span> <span class='ocrx_word' id='word_1_80' title='bbox 1220 1547 1304 1620; x_wconf 85' lang='lat' dir='ltr'><strong>fidei</strong></span> 
     </span>
     <span class='ocr_line' id='line_1_12' title="bbox 189 1651 1306 1749; baseline 0.002 -27"><span class='ocrx_word' id='word_1_81' title='bbox 189 1651 397 1749; x_wconf 89' lang='lat' dir='ltr'><strong>singularis,</strong></span> <span class='ocrx_word' id='word_1_82' title='bbox 433 1671 472 1723; x_wconf 89' lang='lat' dir='ltr'><strong>et</strong></span> <span class='ocrx_word' id='word_1_83' title='bbox 509 1658 614 1748; x_wconf 90' lang='lat' dir='ltr'><strong>quos&#39;</strong></span> <span class='ocrx_word' id='word_1_84' title='bbox 637 1652 758 1724; x_wconf 92' lang='lat' dir='ltr'><strong>uniret</strong></span> <span class='ocrx_word' id='word_1_85' title='bbox 794 1651 1029 1749; x_wconf 86' lang='lat' dir='ltr'><strong>participium</strong></span> <span class='ocrx_word' id='word_1_86' title='bbox 1065 1653 1306 1726; x_wconf 86' lang='lat' dir='ltr'><strong>haereditatis</strong></span> 
     </span>
     <span class='ocr_line' id='line_1_13' title="bbox 189 1758 1306 1855; baseline 0.001 -25"><span class='ocrx_word' id='word_1_87' title='bbox 189 1774 376 1842; x_wconf 85' lang='lat' dir='ltr'><strong>aeternae,</strong></span> <span class='ocrx_word' id='word_1_88' title='bbox 414 1761 543 1855; x_wconf 87' lang='lat' dir='ltr'><strong>[supra</strong></span> <span class='ocrx_word' id='word_1_89' title='bbox 581 1758 750 1853; x_wconf 90' lang='lat' dir='ltr'><strong>modum]</strong></span> <span class='ocrx_word' id='word_1_90' title='bbox 790 1760 1081 1832; x_wconf 88' lang='lat' dir='ltr'><strong>viscerosissime</strong></span> <span class='ocrx_word' id='word_1_91' title='bbox 1110 1758 1197 1832; x_wconf 88' lang='lat' dir='ltr'><strong>totis</strong></span> <span class='ocrx_word' id='word_1_92' title='bbox 1233 1787 1306 1833; x_wconf 86' lang='lat' dir='ltr'><strong>am-</strong></span> 
     </span>
     <span class='ocr_line' id='line_1_14' title="bbox 188 1865 642 1962; baseline -0.002 -25"><span class='ocrx_word' id='word_1_93' title='bbox 188 1866 411 1962; x_wconf 88' lang='lat' dir='ltr'><strong>plexabatur</strong></span> <span class='ocrx_word' id='word_1_94' title='bbox 439 1865 642 1937; x_wconf 83' lang='lat' dir='ltr'><strong>affectibus.</strong></span> 
     </span>
     <span class='ocr_line' id='line_1_15' title="bbox 275 1971 1306 2069; baseline 0 -26"><span class='ocrx_word' id='word_1_95' title='bbox 275 1994 317 2063; x_wconf 91' lang='lat'><strong>17</strong></span> <span class='ocrx_word' id='word_1_96' title='bbox 324 1997 357 2065; x_wconf 81' lang='lat'><strong>3.</strong></span> <span class='ocrx_word' id='word_1_97' title='bbox 390 1972 549 2065; x_wconf 81' lang='lat' dir='ltr'><strong>Quoties</strong></span> <span class='ocrx_word' id='word_1_98' title='bbox 568 1971 750 2069; x_wconf 86' lang='lat' dir='ltr'><strong>asperitas</strong></span> <span class='ocrx_word' id='word_1_99' title='bbox 777 1971 877 2043; x_wconf 90' lang='lat' dir='ltr'><strong>vitae</strong></span> <span class='ocrx_word' id='word_1_100' title='bbox 906 1973 1243 2069; x_wconf 89' lang='lat' dir='ltr'><strong>reprehenderetur</strong></span> <span class='ocrx_word' id='word_1_101' title='bbox 1270 1972 1306 2044; x_wconf 86' lang='lat' dir='ltr'><strong>in</strong></span> 
     </span>
     <span class='ocr_line' id='line_1_16' title="bbox 120 2077 1308 2176; baseline 0 -27"><span class='ocrx_word' id='word_1_102' title='bbox 120 2104 158 2168; x_wconf 83' lang='lat'><strong>15</strong></span> <span class='ocrx_word' id='word_1_103' title='bbox 190 2078 281 2176; x_wconf 90' lang='lat' dir='ltr'><strong>ipso,</strong></span> <span class='ocrx_word' id='word_1_104' title='bbox 300 2080 554 2175; x_wconf 90' lang='lat' dir='ltr'><strong>respondebat</strong></span> <span class='ocrx_word' id='word_1_105' title='bbox 573 2104 612 2150; x_wconf 91' lang='lat' dir='ltr'><strong>se</strong></span> <span class='ocrx_word' id='word_1_106' title='bbox 633 2079 761 2151; x_wconf 90' lang='lat' dir='ltr'><strong>datum</strong></span> <span class='ocrx_word' id='word_1_107' title='bbox 778 2077 910 2151; x_wconf 92' lang='lat' dir='ltr'><strong>Ordini</strong></span> <span class='ocrx_word' id='word_1_108' title='bbox 930 2081 1001 2173; x_wconf 85' lang='lat' dir='ltr'><strong>[in]</strong></span> <span class='ocrx_word' id='word_1_109' title='bbox 1024 2078 1248 2176; x_wconf 85' lang='lat' dir='ltr'><strong>exemplum,</strong></span> <span class='ocrx_word' id='word_1_110' title='bbox 1269 2097 1308 2149; x_wconf 93' lang='lat' dir='ltr'><strong>ut</strong></span> 
     </span>
     <span class='ocr_line' id='line_1_17' title="bbox 188 2185 1308 2282; baseline 0.002 -26"><span class='ocrx_word' id='word_1_111' title='bbox 188 2185 313 2282; x_wconf 89' lang='lat' dir='ltr'><strong>aquila</strong></span> <span class='ocrx_word' id='word_1_112' title='bbox 341 2201 563 2282; x_wconf 83' lang='lat' dir='ltr'><strong>provocaret</strong></span> <span class='ocrx_word' id='word_1_113' title='bbox 590 2186 637 2257; x_wconf 93' lang='lat' dir='ltr'><strong>ad</strong></span> <span class='ocrx_word' id='word_1_114' title='bbox 666 2185 868 2258; x_wconf 89' lang='lat' dir='ltr'><strong>volandum</strong></span> <span class='ocrx_word' id='word_1_115' title='bbox 897 2185 1017 2281; x_wconf 87' lang='lat' dir='ltr'><strong>pullos</strong></span> <span class='ocrx_word' id='word_1_116' title='bbox 1041 2210 1138 2258; x_wconf 75' lang='lat' dir='ltr'><strong>suos,</strong></span> <span class='ocrx_word' id='word_1_117' title='bbox 1197 2185 1308 2258; x_wconf 91' lang='lat' dir='ltr'><strong>Unde</strong></span> 
     </span>
     <span class='ocr_line' id='line_1_18' title="bbox 190 2292 1308 2391; baseline 0 -27"><span class='ocrx_word' id='word_1_118' title='bbox 190 2318 273 2364; x_wconf 93' lang='lat' dir='ltr'><strong>cum</strong></span> <span class='ocrx_word' id='word_1_119' title='bbox 302 2292 481 2366; x_wconf 89' lang='lat' dir='ltr'><strong>innocens</strong></span> <span class='ocrx_word' id='word_1_120' title='bbox 501 2293 581 2364; x_wconf 86' lang='lat' dir='ltr'><strong>eius</strong></span> <span class='ocrx_word' id='word_1_121' title='bbox 601 2317 699 2372; x_wconf 82' lang='lat' dir='ltr'><strong>caro,</strong></span> <span class='ocrx_word' id='word_1_122' title='bbox 721 2317 817 2387; x_wconf 87' lang='lat' dir='ltr'><strong>quae</strong></span> <span class='ocrx_word' id='word_1_123' title='bbox 839 2292 910 2364; x_wconf 92' lang='lat' dir='ltr'><strong>iam</strong></span> <span class='ocrx_word' id='word_1_124' title='bbox 940 2308 1074 2389; x_wconf 90' lang='lat' dir='ltr'><strong>sponte</strong></span> <span class='ocrx_word' id='word_1_125' title='bbox 1102 2292 1246 2391; x_wconf 89' lang='lat' dir='ltr'><strong>spiritui</strong></span> <span class='ocrx_word' id='word_1_126' title='bbox 1266 2318 1308 2364; x_wconf 90' lang='lat' dir='ltr'><strong>se</strong></span> 
     </span>
     <span class='ocr_line' id='line_1_19' title="bbox 190 2399 1308 2499; baseline 0 -27"><span class='ocrx_word' id='word_1_127' title='bbox 190 2399 384 2484; x_wconf 87' lang='lat' dir='ltr'><strong>subdebat,</strong></span> <span class='ocrx_word' id='word_1_128' title='bbox 409 2400 508 2472; x_wconf 87' lang='lat' dir='ltr'><strong>nullo</strong></span> <span class='ocrx_word' id='word_1_129' title='bbox 536 2416 690 2497; x_wconf 89' lang='lat' dir='ltr'><strong>propter</strong></span> <span class='ocrx_word' id='word_1_130' title='bbox 717 2399 878 2472; x_wconf 80' lang='lat' dir='ltr'><strong>offensas</strong></span> <span class='ocrx_word' id='word_1_131' title='bbox 906 2416 1037 2497; x_wconf 83' lang='lat' dir='ltr'><strong>egeret</strong></span> <span class='ocrx_word' id='word_1_132' title='bbox 1064 2399 1225 2499; x_wconf 84' lang='lat' dir='ltr'><strong>flagello,</strong></span> <span class='ocrx_word' id='word_1_133' title='bbox 1257 2417 1308 2473; x_wconf 90' lang='lat' dir='ltr'><strong>ta-</strong></span> 
     </span>
     <span class='ocr_line' id='line_1_20' title="bbox 191 2505 1308 2604; baseline 0.001 -26"><span class='ocrx_word' id='word_1_134' title='bbox 191 2532 276 2579; x_wconf 91' lang='lat' dir='ltr'><strong>men</strong></span> <span class='ocrx_word' id='word_1_135' title='bbox 305 2506 466 2604; x_wconf 92' lang='lat' dir='ltr'><strong>exempli</strong></span> <span class='ocrx_word' id='word_1_136' title='bbox 496 2532 608 2579; x_wconf 87' lang='lat' dir='ltr'><strong>causa</strong></span> <span class='ocrx_word' id='word_1_137' title='bbox 637 2508 842 2580; x_wconf 90' lang='lat' dir='ltr'><strong>renovabat</strong></span> <span class='ocrx_word' id='word_1_138' title='bbox 865 2505 901 2578; x_wconf 91' lang='lat' dir='ltr'><strong>in</strong></span> <span class='ocrx_word' id='word_1_139' title='bbox 930 2532 976 2580; x_wconf 86' lang='lat' dir='ltr'><strong>ea</strong></span> <span class='ocrx_word' id='word_1_140' title='bbox 1004 2533 1155 2603; x_wconf 73' lang='lat' dir='ltr'><strong>poenas</strong></span> <span class='ocrx_word' id='word_1_141' title='bbox 1188 2508 1308 2579; x_wconf 92' lang='lat' dir='ltr'><strong>solum</strong></span> 
     </span>
     <span class='ocr_line' id='line_1_21' title="bbox 116 2613 1305 2711; baseline 0 -26"><span class='ocrx_word' id='word_1_142' title='bbox 116 2638 161 2685; x_wconf 89' lang='lat'><strong>20</strong></span> <span class='ocrx_word' id='word_1_143' title='bbox 189 2629 342 2711; x_wconf 91' lang='lat' dir='ltr'><strong>propter</strong></span> <span class='ocrx_word' id='word_1_144' title='bbox 370 2613 462 2686; x_wconf 91' lang='lat' dir='ltr'><strong>alios</strong></span> <span class='ocrx_word' id='word_1_145' title='bbox 491 2613 705 2686; x_wconf 90' lang='lat' dir='ltr'><strong>custodiens</strong></span> <span class='ocrx_word' id='word_1_146' title='bbox 732 2614 813 2686; x_wconf 86' lang='lat' dir='ltr'><strong>vias</strong></span> <span class='ocrx_word' id='word_1_147' title='bbox 831 2614 954 2686; x_wconf 87' lang='lat' dir='ltr'><strong>duras.</strong></span> <span class='ocrx_word' id='word_1_148' title='bbox 1003 2614 1121 2687; x_wconf 89' lang='lat' dir='ltr'><strong>Recte</strong></span> <span class='ocrx_word' id='word_1_149' title='bbox 1142 2614 1305 2711; x_wconf 87' lang='lat' dir='ltr'><strong>quidem,</strong></span> 
     </span>
     <span class='ocr_line' id='line_1_22' title="bbox 190 2720 1308 2819; baseline 0.001 -28"><span class='ocrx_word' id='word_1_150' title='bbox 190 2720 366 2816; x_wconf 88' lang='lat' dir='ltr'><strong>quoniam</strong></span> <span class='ocrx_word' id='word_1_151' title='bbox 395 2721 478 2817; x_wconf 90' lang='lat' dir='ltr'><strong>plus</strong></span> <span class='ocrx_word' id='word_1_152' title='bbox 515 2722 563 2793; x_wconf 88' lang='lat' dir='ltr'><strong>ad</strong></span> <span class='ocrx_word' id='word_1_153' title='bbox 601 2746 752 2793; x_wconf 88' lang='lat' dir='ltr'><strong>manum</strong></span> <span class='ocrx_word' id='word_1_154' title='bbox 781 2746 893 2817; x_wconf 90' lang='lat' dir='ltr'><strong>quam</strong></span> <span class='ocrx_word' id='word_1_155' title='bbox 922 2722 969 2794; x_wconf 94' lang='lat' dir='ltr'><strong>ad</strong></span> <span class='ocrx_word' id='word_1_156' title='bbox 999 2720 1164 2819; x_wconf 86' lang='lat' dir='ltr'><strong>linguam</strong></span> <span class='ocrx_word' id='word_1_157' title='bbox 1194 2721 1308 2818; x_wconf 87' lang='lat' dir='ltr'><strong>respi-</strong></span> 
     </span>
     <span class='ocr_line' id='line_1_23' title="bbox 191 2827 1306 2926; baseline 0 -26"><span class='ocrx_word' id='word_1_158' title='bbox 191 2827 285 2900; x_wconf 91' lang='lat' dir='ltr'><strong>citur</strong></span> <span class='ocrx_word' id='word_1_159' title='bbox 299 2827 560 2924; x_wconf 87' lang='lat' dir='ltr'><strong>praelatorum.</strong></span> <span class='ocrx_word' id='word_1_160' title='bbox 609 2828 735 2911; x_wconf 89' lang='lat' dir='ltr'><strong>Manu,</strong></span> <span class='ocrx_word' id='word_1_161' title='bbox 754 2844 870 2924; x_wconf 88' lang='lat' dir='ltr'><strong>pater,</strong></span> <span class='ocrx_word' id='word_1_162' title='bbox 888 2828 1129 2926; x_wconf 88' lang='lat' dir='ltr'><strong>peroraba[s]</strong></span> <span class='ocrx_word' id='word_1_163' title='bbox 1146 2829 1306 2913; x_wconf 66' lang='lat' dir='ltr'><strong>suavius</strong></span> 
     </span>
     <span class='ocr_line' id='line_1_24' title="bbox 192 2934 1310 3030; baseline 0 -24"><span class='ocrx_word' id='word_1_164' title='bbox 192 2934 479 3030; x_wconf 87' lang='lat' dir='ltr'><strong>persuadeba[s]</strong></span> <span class='ocrx_word' id='word_1_165' title='bbox 503 2934 653 3017; x_wconf 84' lang='lat' dir='ltr'><strong>facilius,</strong></span> <span class='ocrx_word' id='word_1_166' title='bbox 676 2935 899 3030; x_wconf 87' lang='lat' dir='ltr'><strong>probaba[s]</strong></span> <span class='ocrx_word' id='word_1_167' title='bbox 922 2951 960 3006; x_wconf 91' lang='lat' dir='ltr'><strong>et</strong></span> <span class='ocrx_word' id='word_1_168' title='bbox 978 2935 1124 3008; x_wconf 88' lang='lat' dir='ltr'><strong>certius.</strong></span> <span class='ocrx_word' id='word_1_169' title='bbox 1182 2936 1220 3007; x_wconf 86' lang='lat' dir='ltr'><strong>Si</strong></span> <span class='ocrx_word' id='word_1_170' title='bbox 1242 2935 1310 3006; x_wconf 94' lang='lat' dir='ltr'><strong>lin-</strong></span> 
     </span>
     <span class='ocr_line' id='line_1_25' title="bbox 191 3040 1310 3139; baseline 0.001 -28"><span class='ocrx_word' id='word_1_171' title='bbox 191 3040 276 3139; x_wconf 86' lang='lat' dir='ltr'><strong>guis</strong></span> <span class='ocrx_word' id='word_1_172' title='bbox 314 3041 505 3113; x_wconf 90' lang='lat' dir='ltr'><strong>hominum</strong></span> <span class='ocrx_word' id='word_1_173' title='bbox 542 3044 741 3136; x_wconf 90' lang='lat' dir='ltr'><strong>loquantur</strong></span> <span class='ocrx_word' id='word_1_174' title='bbox 778 3057 816 3113; x_wconf 92' lang='lat' dir='ltr'><strong>et</strong></span> <span class='ocrx_word' id='word_1_175' title='bbox 852 3041 1083 3138; x_wconf 84' lang='lat' dir='ltr'><strong>angelorum,</strong></span> <span class='ocrx_word' id='word_1_176' title='bbox 1120 3040 1310 3114; x_wconf 83' lang='lat' dir='ltr'><strong>charitatis</strong></span> 
     </span>
     <span class='ocr_line' id='line_1_26' title="bbox 118 3147 1310 3245; baseline 0.002 -28"><span class='ocrx_word' id='word_1_177' title='bbox 118 3170 158 3235; x_wconf 82' lang='lat'><strong>25</strong></span> <span class='ocrx_word' id='word_1_178' title='bbox 192 3162 317 3237; x_wconf 84' lang='lat' dir='ltr'><strong>autem</strong></span> <span class='ocrx_word' id='word_1_179' title='bbox 337 3147 510 3245; x_wconf 89' lang='lat' dir='ltr'><strong>exempla</strong></span> <span class='ocrx_word' id='word_1_180' title='bbox 530 3172 604 3221; x_wconf 92' lang='lat' dir='ltr'><strong>non</strong></span> <span class='ocrx_word' id='word_1_181' title='bbox 625 3164 843 3230; x_wconf 88' lang='lat' dir='ltr'><strong>monstrent,</strong></span> <span class='ocrx_word' id='word_1_182' title='bbox 867 3149 954 3220; x_wconf 89' lang='lat' dir='ltr'><strong>mihi</strong></span> <span class='ocrx_word' id='word_1_183' title='bbox 975 3173 1117 3245; x_wconf 89' lang='lat' dir='ltr'><strong>parum,</strong></span> <span class='ocrx_word' id='word_1_184' title='bbox 1136 3147 1205 3221; x_wconf 88' lang='lat' dir='ltr'><strong>sibi</strong></span> <span class='ocrx_word' id='word_1_185' title='bbox 1221 3149 1310 3220; x_wconf 88' lang='lat' dir='ltr'><strong>nihil</strong></span> 
     </span>
     <span class='ocr_line' id='line_1_27' title="bbox 198 3254 1310 3352; baseline 0.001 -26"><span class='ocrx_word' id='word_1_186' title='bbox 198 3254 396 3352; x_wconf 84' lang='lat' dir='ltr'><strong>[pro]sunt.</strong></span> <span class='ocrx_word' id='word_1_187' title='bbox 468 3254 607 3327; x_wconf 91' lang='lat' dir='ltr'><strong>Verum</strong></span> <span class='ocrx_word' id='word_1_188' title='bbox 638 3255 699 3325; x_wconf 89' lang='lat' dir='ltr'><strong>ubi</strong></span> <span class='ocrx_word' id='word_1_189' title='bbox 728 3254 975 3351; x_wconf 89' lang='lat' dir='ltr'><strong>reprehensor</strong></span> <span class='ocrx_word' id='word_1_190' title='bbox 1008 3256 1160 3328; x_wconf 91' lang='lat' dir='ltr'><strong>minime</strong></span> <span class='ocrx_word' id='word_1_191' title='bbox 1190 3255 1310 3330; x_wconf 87' lang='lat' dir='ltr'><strong>lormi-</strong></span> 
     </span>
     <span class='ocr_line' id='line_1_28' title="bbox 193 3360 1309 3458; baseline -0.001 -24"><span class='ocrx_word' id='word_1_192' title='bbox 193 3363 311 3444; x_wconf 86' lang='lat' dir='ltr'><strong>datur‚</strong></span> <span class='ocrx_word' id='word_1_193' title='bbox 334 3378 371 3433; x_wconf 95' lang='lat' dir='ltr'><strong>et</strong></span> <span class='ocrx_word' id='word_1_194' title='bbox 401 3381 458 3434; x_wconf 90' lang='lat' dir='ltr'><strong>est</strong></span> <span class='ocrx_word' id='word_1_195' title='bbox 485 3387 554 3458; x_wconf 90' lang='lat' dir='ltr'><strong>pro</strong></span> <span class='ocrx_word' id='word_1_196' title='bbox 582 3360 725 3433; x_wconf 88' lang='lat' dir='ltr'><strong>ratione</strong></span> <span class='ocrx_word' id='word_1_197' title='bbox 753 3361 935 3447; x_wconf 73' lang='lat' dir='ltr'><strong>voluntas</strong></span> <span class='ocrx_word' id='word_1_198' title='bbox 958 3363 1048 3436; x_wconf 86' lang='lat' dir='ltr'><strong>satis</strong></span> <span class='ocrx_word' id='word_1_199' title='bbox 1075 3365 1123 3436; x_wconf 87' lang='lat' dir='ltr'><strong>ad</strong></span> <span class='ocrx_word' id='word_1_200' title='bbox 1152 3365 1309 3436; x_wconf 88' lang='lat' dir='ltr'><strong>salutem</strong></span> 
     </span>
     <span class='ocr_line' id='line_1_29' title="bbox 193 3467 1306 3567; baseline 0.001 -27"><span class='ocrx_word' id='word_1_201' title='bbox 193 3468 315 3567; x_wconf 90' lang='lat' dir='ltr'><strong>sigilla</strong></span> <span class='ocrx_word' id='word_1_202' title='bbox 343 3467 553 3541; x_wconf 85' lang='lat' dir='ltr'><strong>sufficiunt?</strong></span> <span class='ocrx_word' id='word_1_203' title='bbox 600 3467 829 3539; x_wconf 87' lang='lat' dir='ltr'><strong>Faciendum</strong></span> <span class='ocrx_word' id='word_1_204' title='bbox 851 3485 975 3542; x_wconf 91' lang='lat' dir='ltr'><strong>tamen</strong></span> <span class='ocrx_word' id='word_1_205' title='bbox 996 3473 1097 3565; x_wconf 94' lang='lat' dir='ltr'><strong>quod</strong></span> <span class='ocrx_word' id='word_1_206' title='bbox 1118 3468 1306 3552; x_wconf 83' lang='lat' dir='ltr'><strong>intonant3</strong></span> 
     </span>
     <span class='ocr_line' id='line_1_30' title="bbox 200 3572 1308 3674; baseline 0 -27"><span class='ocrx_word' id='word_1_207' title='bbox 200 3576 269 3674; x_wconf 89' lang='lat' dir='ltr'><strong>[ut]</strong></span> <span class='ocrx_word' id='word_1_208' title='bbox 301 3574 431 3647; x_wconf 87' lang='lat' dir='ltr'><strong>ieiunis</strong></span> <span class='ocrx_word' id='word_1_209' title='bbox 460 3572 687 3672; x_wconf 87' lang='lat' dir='ltr'><strong>ca[n]alibus</strong></span> <span class='ocrx_word' id='word_1_210' title='bbox 720 3576 768 3647; x_wconf 90' lang='lat' dir='ltr'><strong>ad</strong></span> <span class='ocrx_word' id='word_1_211' title='bbox 804 3576 948 3647; x_wconf 85' lang='lat' dir='ltr'><strong>areolas</strong></span> <span class='ocrx_word' id='word_1_212' title='bbox 977 3576 1116 3648; x_wconf 88' lang='lat' dir='ltr'><strong>lluenta</strong></span> <span class='ocrx_word' id='word_1_213' title='bbox 1143 3594 1308 3671; x_wconf 88' lang='lat' dir='ltr'><strong>pertran-</strong></span> 
     </span>
     <span class='ocr_line' id='line_1_31' title="bbox 121 3681 1310 3779; baseline 0.003 -30"><span class='ocrx_word' id='word_1_214' title='bbox 121 3705 164 3770; x_wconf 84' lang='lat'><strong>30</strong></span> <span class='ocrx_word' id='word_1_215' title='bbox 193 3697 309 3755; x_wconf 86' lang='lat' dir='ltr'><strong>seant¹</strong></span> <span class='ocrx_word' id='word_1_216' title='bbox 369 3681 578 3779; x_wconf 82' lang='lat' dir='ltr'><strong>Colligatnr</strong></span> <span class='ocrx_word' id='word_1_217' title='bbox 598 3682 783 3755; x_wconf 90' lang='lat' dir='ltr'><strong>interdum</strong></span> <span class='ocrx_word' id='word_1_218' title='bbox 813 3707 898 3754; x_wconf 90' lang='lat' dir='ltr'><strong>rosa</strong></span> <span class='ocrx_word' id='word_1_219' title='bbox 918 3684 965 3755; x_wconf 93' lang='lat' dir='ltr'><strong>de</strong></span> <span class='ocrx_word' id='word_1_220' title='bbox 985 3682 1109 3778; x_wconf 72' lang='lat' dir='ltr'><strong>spinis</strong></span> <span class='ocrx_word' id='word_1_221' title='bbox 1133 3699 1174 3754; x_wconf 92' lang='lat' dir='ltr'><strong>ut</strong></span> <span class='ocrx_word' id='word_1_222' title='bbox 1193 3681 1310 3754; x_wconf 87' lang='lat' dir='ltr'><strong>maior</strong></span> 
     </span>
     <span class='ocr_line' id='line_1_32' title="bbox 193 3787 501 3862; baseline 0 -1"><span class='ocrx_word' id='word_1_223' title='bbox 193 3787 324 3862; x_wconf 90' lang='lat' dir='ltr'><strong>minori</strong></span> <span class='ocrx_word' id='word_1_224' title='bbox 354 3788 501 3861; x_wconf 88' lang='lat' dir='ltr'><strong>serviat.</strong></span> 
     </span>
    </p>
   </div>
   <div class='ocr_carea' id='block_1_3' title="bbox 191 3998 1311 4229">
    <p class='ocr_par' dir='ltr' id='par_1_3' title="bbox 191 3998 1311 4229">
     <span class='ocr_line' id='line_1_33' title="bbox 267 3998 1311 4068; baseline -0.003 -16"><span class='ocrx_word' id='word_1_225' title='bbox 267 4015 324 4053; x_wconf 86' lang='lat'>1-2.</span> <span class='ocrx_word' id='word_1_226' title='bbox 345 4000 365 4053; x_wconf 90' lang='lat' dir='ltr'><em>R</em></span> <span class='ocrx_word' id='word_1_227' title='bbox 387 3999 479 4053; x_wconf 83' lang='lat' dir='ltr'><strong>Salute</strong></span> <span class='ocrx_word' id='word_1_228' title='bbox 565 4016 586 4052; x_wconf 86' lang='lat'><strong>2.</strong></span> <span class='ocrx_word' id='word_1_229' title='bbox 609 4001 639 4051; x_wconf 72' lang='lat' dir='ltr'><strong>tl</strong></span> <span class='ocrx_word' id='word_1_230' title='bbox 656 4016 704 4051; x_wconf 85' lang='lat' dir='ltr'><strong>om.</strong></span> <span class='ocrx_word' id='word_1_231' title='bbox 725 4015 841 4068; x_wconf 85' lang='lat' dir='ltr'><strong>namque</strong></span> <span class='ocrx_word' id='word_1_232' title='bbox 927 4014 966 4050; x_wconf 84' lang='lat'><strong>12.</strong></span> <span class='ocrx_word' id='word_1_233' title='bbox 986 3998 1010 4049; x_wconf 87' lang='lat' dir='ltr'><em>A</em></span> <span class='ocrx_word' id='word_1_234' title='bbox 1031 4014 1078 4049; x_wconf 74' lang='lat' dir='ltr'><strong>orn.</strong></span> <span class='ocrx_word' id='word_1_235' title='bbox 1099 4014 1178 4066; x_wconf 86' lang='lat' dir='ltr'><strong>supra</strong></span> <span class='ocrx_word' id='word_1_236' title='bbox 1198 3998 1311 4050; x_wconf 89' lang='lat' dir='ltr'><strong>modum</strong></span> 
     </span>
     <span class='ocr_line' id='line_1_34' title="bbox 195 4076 1310 4148; baseline -0.002 -17"><span class='ocrx_word' id='word_1_237' title='bbox 195 4094 234 4148; x_wconf 84' lang='lat'><strong>15.</strong></span> <span class='ocrx_word' id='word_1_238' title='bbox 255 4078 280 4131; x_wconf 91' lang='lat' dir='ltr'><em>A</em></span> <span class='ocrx_word' id='word_1_239' title='bbox 303 4078 334 4130; x_wconf 89' lang='lat' dir='ltr'><strong>ad</strong></span> <span class='ocrx_word' id='word_1_240' title='bbox 417 4094 513 4147; x_wconf 77' lang='lat'>22·23.</span> <span class='ocrx_word' id='word_1_241' title='bbox 536 4080 560 4131; x_wconf 95' lang='lat' dir='ltr'><em>A</em></span> <span class='ocrx_word' id='word_1_242' title='bbox 581 4080 730 4148; x_wconf 80' lang='lat' dir='ltr'><strong>perorabat,</strong></span> <span class='ocrx_word' id='word_1_243' title='bbox 745 4108 761 4118; x_wconf 95' lang='lat'><em>-</em></span> <span class='ocrx_word' id='word_1_244' title='bbox 775 4076 959 4148; x_wconf 80' lang='lat' dir='ltr'><strong>persuadebat,</strong></span> <span class='ocrx_word' id='word_1_245' title='bbox 978 4106 993 4117; x_wconf 95' lang='lat'><em>-</em></span> <span class='ocrx_word' id='word_1_246' title='bbox 1008 4077 1139 4146; x_wconf 81' lang='lat' dir='ltr'><strong>probabat</strong></span> <span class='ocrx_word' id='word_1_247' title='bbox 1221 4077 1262 4131; x_wconf 86' lang='lat'><strong>26.</strong></span> <span class='ocrx_word' id='word_1_248' title='bbox 1286 4078 1310 4129; x_wconf 95' lang='lat' dir='ltr'><em>A</em></span> 
     </span>
     <span class='ocr_line' id='line_1_35' title="bbox 191 4158 888 4229; baseline -0.006 -18"><span class='ocrx_word' id='word_1_249' title='bbox 191 4171 254 4211; x_wconf 89' lang='lat' dir='ltr'><strong>sunt</strong></span> <span class='ocrx_word' id='word_1_250' title='bbox 326 4176 367 4229; x_wconf 80' lang='lat'><strong>29·</strong></span> <span class='ocrx_word' id='word_1_251' title='bbox 388 4158 606 4227; x_wconf 80' lang='lat' dir='ltr'><strong>ut-canalibus]</strong></span> <span class='ocrx_word' id='word_1_252' title='bbox 625 4160 650 4211; x_wconf 95' lang='lat' dir='ltr'><em>A</em></span> <span class='ocrx_word' id='word_1_253' title='bbox 671 4158 888 4210; x_wconf 75' lang='lat' dir='ltr'><strong>nec-curulibus</strong></span> 
     </span>
    </p>
   </div>
   <div class='ocr_carea' id='block_1_4' title="bbox 530 4298 538 4326">
    <p class='ocr_par' dir='ltr' id='par_1_4' title="bbox 530 4298 538 4326">
     <span class='ocr_line' id='line_1_36' title="bbox 530 4298 538 4326; baseline 0 0"><span class='ocrx_word' id='word_1_254' title='bbox 530 4298 538 4326; x_wconf 85' lang='grc' dir='ltr'><em>Ι</em></span> 
     </span>
    </p>
   </div>
   <div class='ocr_carea' id='block_1_5' title="bbox 620 4347 886 4355">
    <p class='ocr_par' dir='ltr' id='par_1_5' title="bbox 620 4347 886 4355">
     <span class='ocr_line' id='line_1_37' title="bbox 620 4347 886 4355; baseline -0.004 0"><span class='ocrx_word' id='word_1_255' title='bbox 620 4347 886 4355; x_wconf 75' lang='grc' dir='ltr'><strong>-----...---ι</strong></span> 
     </span>
    </p>
   </div>
   <div class='ocr_carea' id='block_1_6' title="bbox 0 0 1585 4875">
    <p class='ocr_par' dir='ltr' id='par_1_6' title="bbox 0 0 1585 4875">
     <span class='ocr_line' id='line_1_38' title="bbox 0 0 1585 4875; baseline 0 0"><span class='ocrx_word' id='word_1_256' title='bbox 0 0 1585 4875; x_wconf 95' lang='lat' dir='ltr'><strong> </strong></span> 
     </span>
    </p>
   </div>
  </div>
 </body>
</html>
