3142 4875
657 290 830 377 incurba
857 329 969 376 curua

185 433 191 443 Ι
255 437 1381 446 ——————————-————————--——-—-——-——.—————,—

256 565 293 636 in
324 588 398 660 quo
427 562 599 635 caelestis
626 565 826 637 thesaurus
863 579 943 636 erat
971 563 1223 644 absconditus,
1255 565 1383 662 coepit

255 671 422 766 undique
459 672 710 766 conquassari,
743 688 780 743 et
818 670 949 742 virium
979 671 1145 742 omnium
1174 671 1250 766 pati
1279 673 1347 743 del
1371 717 1380 727 ·

255 794 368 849 ctum.
426 777 567 849 Verum
597 777 685 873 quia
712 804 798 849 cum
828 792 1107 850 consummatus
1137 777 1245 849 luerit
1265 779 1382 851 homo

254 900 344 959 tunc
364 883 525 979 incipiet,
544 899 681 955 etcum
702 884 838 956 finierit
857 901 945 956 tunc
965 883 1190 980 operabitur,
1210 885 1244 956 in
1266 909 1379 957 carne

255 989 401 1063 infirma
421 989 570 1087 spiritus
585 990 794 1087 promptior
809 991 1050 1063 efficiebatur.
1108 990 1273 1062 Tantum
1289 1016 1379 1087 quo·
1410 1017 1431 1080 ς

253 1122 328 1193 que
373 1096 580 1169 animarum
618 1096 799 1194 diligebat
843 1099 1001 1170 salutem
1044 1113 1082 1168 et
1121 1097 1378 1193 proximorum

254 1204 404 1275 sitiebat
432 1204 543 1286 lucra,
567 1221 606 1275 ut
636 1230 719 1275 cum
749 1230 817 1299 per
844 1230 884 1276 se
910 1204 1101 1278 ambulate
1133 1229 1205 1276 non
1235 1222 1375 1299 posset,

253 1310 370 1383 asello
399 1325 528 1382 vectus
550 1310 721 1382 circuiret
749 1304 876 1383 terras.
938 1311 1170 1406 Frequenter
1190 1336 1275 1383 eum
1301 1337 1378 1384 mo·

255 1418 396 1489 nebant
412 1418 554 1501 fratres
572 1415 619 1488 illi
635 1416 736 1489 omni
752 1443 907 1513 precum
922 1416 1097 1490 instantia
1113 1435 1375 1515 suggerentes

255 1541 297 1595 ut
325 1523 509 1595 infirmum
540 1548 674 1620 corpus
695 1541 733 1595 et
758 1522 866 1596 valde
886 1524 1118 1596 debilitatum
1146 1524 1376 1596 medicorum
1412 1551 1455 1596 10

254 1630 394 1703 auxilio
414 1647 616 1725 utcumque
637 1656 806 1703 recreare
827 1632 992 1703 deberet.
1052 1632 1136 1727 lpse
1155 1646 1290 1709 autem.
1315 1630 1377 1703 illo

254 1762 324 1809 suo
344 1737 457 1809 nobili
478 1737 607 1833 spiritu
630 1738 665 1808 in
687 1737 830 1810 caelum
852 1738 1004 1821 directo,
1028 1741 1089 1833 qui
1120 1737 1212 1809 solvi
1241 1738 1377 1809 solum-

255 1845 370 1916 modo
399 1844 573 1940 cupiebat
602 1861 640 1915 et
668 1870 751 1915 cum
775 1845 925 1916 Christo
955 1846 1142 1927 essehoc
1173 1846 1294 1916 lacere
1315 1870 1377 1940 pe·

256 1951 354 2022 nitus
375 1952 578 2025 recusabat.
636 1951 777 2024 Verum
799 1952 885 2047 quia
905 1951 1071 2023 nondum
1093 1950 1313 2046 impleverat
1331 1976 1377 2023 ea

254 2082 353 2153 quae
382 2058 598 2153 passionum
629 2057 766 2129 Christi
796 2060 951 2130 deerant
980 2057 1015 2129 in
1046 2083 1156 2130 carne
1185 2065 1263 2141 stra,
1291 2058 1378 2129 licet
1414 2083 1451 2147 ¹5

255 2164 433 2260 stigmata
456 2164 565 2261 [eius]
589 2165 624 2234 in
654 2190 811 2260 corpore
836 2190 904 2236 suo
924 2181 1099 2261 portaret,
1125 2164 1376 2236 infirmitatem

255 2271 448 2342 oculorum
469 2270 621 2341 incurrit
640 2271 910 2365 gravissimam,
934 2273 1253 2367 quemadmodum
1284 2272 1378 2342 mul-

254 2376 436 2472 tiplicavit
457 2377 491 2448 in
512 2402 558 2448 eo
579 2377 871 2450 misericordiam
893 2404 997 2451 suam
1026 2378 1143 2450 Deus
1203 2379 1376 2474 Cumque

255 2485 303 2555 de
340 2484 399 2556 die
431 2484 467 2556 in
502 2484 601 2555 diem
636 2486 828 2558 infirmitas
862 2484 921 2558 illa
959 2503 1222 2560 succresceret.
1258 2502 1296 2557 et
1328 2511 1376 2557 ex

178 2659 186 2668 .
255 2590 396 2662 incuria
424 2591 614 2663 videretur
642 2591 808 2687 quotidie
833 2593 1079 2690 augmentari,
1107 2594 1218 2664 frater
1247 2590 1377 2664 Helias
1407 2617 1455 2663 20

254 2698 417 2779 tandem,
437 2723 548 2793 quem
578 2696 660 2771 loco
690 2697 818 2770 matris
847 2701 1014 2796 elegerat
1043 2698 1121 2780 sibi,
1154 2717 1192 2770 et
1219 2698 1374 2771 aliorum

256 2805 408 2876 fratrum
439 2806 579 2876 lecerat
598 2822 754 2901 patrem,
778 2806 956 2902 compulit
976 2832 1061 2878 eum
1083 2823 1123 2877 ut
1152 2805 1375 2877 medicinam

255 2936 329 2982 non
359 2912 588 2994 abhorreret,
621 2912 688 2983 sed
717 2939 801 2984 eam
831 2913 1014 3008 reciperet
1043 2913 1078 2983 in
1109 2912 1258 2984 nomine
1293 2911 1375 2984 Filii

254 3017 338 3100 Dei,
362 3043 559 3114 perquem
581 3035 706 3090 creata
726 3036 815 3099 erat,
840 3020 934 3091 sicut
953 3019 1130 3115 scriptum
1161 3036 1232 3091 est:
1261 3016 1376 3090 Altis-

255 3123 371 3195 simus
399 3125 447 3196 de
482 3141 581 3198 terra
619 3128 758 3198 creavit
796 3126 1029 3209 medicinam,
1063 3143 1100 3198 et
1128 3125 1183 3197 vir
1211 3127 1376 3221 prudens
1406 3150 1449 3214 25

256 3256 328 3302 non
359 3233 575 3304 abhorrebit
604 3258 698 3305 eam.
757 3232 916 3304 Sanctus
945 3251 1052 3328 pater
1081 3258 1170 3304 vero
1199 3249 1286 3304 tunc
1315 3233 1376 3304 be·

256 3336 370 3434 nigne
384 3339 581 3433 acquievit,
600 3354 638 3410 et
653 3339 840 3411 humiliter
854 3340 1127 3436 obtemperavit
1142 3338 1377 3411 sermonibus

254 3469 297 3516 se
325 3463 521 3518 monentis.

328 3681 350 3718 1.
366 3665 408 3727 M,
428 3665 683 3728 O.r,Pabsconsus
756 3665 941 3730 attinetur
992 3665 1228 3723 AS,Eom.tunc
1303 3679 1327 3732 7.
1343 3664 1378 3716 05

253 3764 302 3798 om.
323 3763 385 3797 cunr
462 3761 500 3798 11.
521 3745 679 3814 utcumque]
701 3746 747 3798 AS
765 3735 855 3797 urrun'r
912 3745 981 3814 lpse]
1002 3745 1048 3797 As
1068 3745 1115 3796 [lle
1202 3760 1240 3797 12.
1260 3744 1374 3810 directo]

253 3826 297 3878 As
315 3825 422 3877 deiecto
500 3841 592 3894 13-14.
609 3825 655 3878 AS
666 3843 714 3876 unt.
729 3827 833 3894 penitus
910 3841 948 3889 14,
966 3823 1138 3894 impleverat]
1158 3826 1191 3877 05
1206 3823 1378 3893 suppleverat

255 3904 295 3958 16.
310 3907 345 3968 B,
362 3905 391 3958 H
409 3923 457 3957 οηι.
478 3905 535 3957 cius
587 3922 699 3972 corpore
719 3907 780 3973 suo]
802 3906 831 3958 H
849 3922 929 3956 carne
949 3922 996 3957 sua
1075 3909 1113 3958 18.
1128 3905 1184 3966 At,
1201 3905 1223 3957 Ε
1235 3923 1282 3955 out,
1300 3904 1328 3956 in
1344 3919 1379 3956 eo

196 4003 199 4007 ·
253 3985 550 4055 CumquelliCoepit
627 3985 897 4053 rollsuccrescere,
917 3999 943 4038 et
962 4003 995 4038 ne
1016 4004 1049 4038 ex
1123 3986 1377 4052 22-23tlsconrp.

252 4066 329 4118 illum
348 4066 418 4117 med.
439 4083 494 4116 non
513 4066 659 4118 abhorrere
679 4066 726 4117 scd
748 4083 807 4117 eam
829 4070 948 4134 recipere
1024 4081 1065 4129 24.
1082 4083 1128 4133 per
1144 4065 1238 4135 quem]
1254 4066 1281 4116 H
1294 4081 1308 4115 a
1321 4080 1378 4133 quo

253 4145 323 4214 erat]
343 4146 469 4199 Assum
490 4160 587 4197 cuncta
679 4145 720 4197 zi.
743 4147 777 4199 (ls
797 4160 871 4216 pater
895 4161 987 4198 noster
1080 4147 1175 4214 26-27.
1203 4148 1378 4198 Rormtunc

252 4227 386 4295 benigne:
408 4226 437 4279 H
454 4244 501 4278 orit.
522 4227 639 4294 benigne
1304 4229 1324 4258 ¹¹·
