3142 4875
592 375 704 423 BEATI·
725 373 909 422 Funthsct
1236 370 1308 441 253

191 607 312 681 ardori
333 607 487 705 cupiens
516 625 715 703 utcumque
744 622 946 704 praestare,
970 632 1104 680 manus
1126 607 1206 680 eius
1237 633 1310 680 non

192 729 385 786 numerata
404 713 563 810 pecunia
581 716 711 810 replet.
769 714 931 788 Gavisus
950 730 1008 787 est
1027 715 1226 811 presbyter
1245 714 1312 785 Sil-

189 837 314 894 vester
332 820 369 892 in
389 820 496 906 datis,
518 822 585 893 sed
614 821 697 918 plus
717 820 975 894 liberalitatem
999 819 1123 894 dantis
1143 822 1311 900 miratus,

191 928 356 1001 Domum
386 953 580 1024 regressus
609 928 745 1001 sactum
765 953 879 1024 saepe
899 928 1093 1025 recogitat,
1117 953 1312 1001 senescen-

143 1067 160 1130 5
191 1050 267 1107 tem
287 1060 328 1107 se
348 1034 421 1107 iam
441 1033 598 1131 diligere
618 1034 798 1108 mundum
818 1047 1005 1107 murmure
1026 1034 1122 1107 felici
1145 1037 1312 1107 submur-

192 1157 322 1223 murat,
341 1157 379 1214 et
394 1141 565 1214 iuvenem
582 1139 682 1214 illum
697 1142 786 1237 s[ic]
806 1158 939 1215 cuncta
958 1141 1153 1238 despicere
1174 1158 1309 1237 stupet.

193 1248 322 1321 Odore
355 1248 455 1321 bono
485 1248 556 1321 iam
591 1247 748 1346 proinde
776 1248 888 1345 pleno
917 1248 1193 1321 misericordiae
1221 1275 1312 1322 suae

193 1354 363 1427 Christus
389 1355 510 1451 aperit
537 1357 670 1427 sinum.
729 1356 907 1429 Ostendit
937 1356 1005 1450 [ei]
1035 1381 1103 1451 per
1130 1355 1311 1428 visionem

192 1486 308 1558 opera
331 1461 519 1536 Francisci
538 1478 719 1559 quantum
738 1462 897 1544 valeant,
920 1478 1061 1559 quanta
1081 1488 1206 1534 coram
1230 1464 1312 1558 ipso

125 1601 165 1645 ιο
192 1568 394 1641 eminentia
413 1568 591 1666 fulgeant,
610 1595 722 1666 quam
738 1569 937 1668 magnifice
956 1585 1073 1642 totam
1090 1568 1217 1641 mundi
1239 1594 1312 1641 ma·

192 1675 339 1747 chinam
355 1677 578 1773 compleant.
636 1675 749 1750 Videt
769 1702 931 1773 namque
951 1677 987 1748 in
1003 1676 1144 1748 somnis
1163 1701 1311 1749 crucem

192 1806 343 1854 auream
363 1782 411 1855 de
426 1808 491 1855 ore
510 1784 758 1881 prodeuntem
774 1781 973 1865 Francisci,
993 1781 1097 1855 cuius
1117 1782 1312 1855 summitas

193 1888 316 1961 caelos
347 1890 540 1986 tangebat,
571 1890 675 1964 cuius
707 1890 859 1964 brachia
887 1906 1064 1987 protensa
1092 1889 1128 1961 in
1161 1887 1311 1984 [la]tum

193 2009 390 2092 utramque
436 1996 563 2070 mundi
605 2013 750 2094 partem
797 1989 1049 2094 amplexando
1097 1996 1311 2094 cingebant.

125 2134 161 2200 15
194 2095 452 2198 Compunitus
471 2104 648 2177 sacerdos
676 2104 712 2176 in
732 2102 812 2177 visu
833 2104 1053 2177 damnosam
1073 2102 1215 2174 excutit
1238 2127 1314 2175 mo·

193 2233 282 2291 ram,
306 2209 518 2308 reli[n]quit
537 2213 727 2295 mundum,
749 2211 815 2283 viri
836 2210 909 2283 Dei
930 2209 1118 2307 perfectus
1151 2209 1314 2281 imitator

193 2315 362 2394 efficitur.
419 2319 586 2390 Perfecte
606 2317 665 2390 hic
685 2320 809 2414 coepit
829 2318 864 2389 in
885 2316 1015 2390 ordine
1035 2316 1258 2401 conversari,
1276 2332 1314 2388 et

194 2422 462 2520 perfectissime
483 2425 620 2497 Christi
640 2426 762 2523 gratia
781 2423 1065 2499 consummavit.
1123 2422 1199 2496 Sed
1223 2422 1313 2519 quid

195 2531 337 2613 mirum,
360 2533 391 2603 si
412 2533 633 2605 Franciscus
653 2533 850 2605 crucifixus
879 2531 1060 2628 apparuit,
1086 2531 1144 2603 cui
1167 2546 1312 2604 tantum

124 2669 167 2715 20
194 2662 343 2734 semper
371 2664 454 2711 cum
484 2665 593 2712 cruce
618 2639 705 2712 suit?
762 2641 882 2712 Cruce
912 2637 1066 2710 mirifica
1084 2637 1137 2710 sic
1160 2635 1314 2710 interius

195 2745 368 2828 radicata,
386 2746 474 2841 quid
497 2772 685 2844 magnum,
702 2746 732 2818 si
753 2747 800 2819 de
818 2762 917 2820 terra
936 2747 1035 2818 bona
1057 2744 1231 2816 exoriens
1251 2744 1314 2816 flo-

195 2876 265 2934 res,
287 2852 439 2925 frondes
454 2869 491 2925 et
511 2854 650 2925 sructus
669 2851 821 2950 protulit
840 2850 1128 2949 conspectivos?
1184 2852 1245 2923 Nil
1266 2850 1314 2923 ai-

195 2957 308 3031 terius
323 2958 474 3056 generis
493 2960 529 3032 in
551 2960 610 3034 illa
629 2961 749 3057 potuit
768 2960 884 3058 gigni,
908 2985 1019 3056 quam
1037 2959 1087 3030 ita
1106 2957 1174 3030 sibi
1197 2974 1314 3029 totam

196 3091 285 3138 crux
313 3066 374 3138 illa
403 3066 578 3139 mirabilis
601 3092 624 3139 a
652 3067 834 3164 principio
862 3065 1075 3138 vindicavit.
1134 3063 1211 3137 Sed
1241 3066 1313 3136 iam

126 3199 167 3264 25
197 3196 293 3245 nunc
313 3173 361 3245 ad
382 3174 574 3246 materiam
595 3175 872 3247 recurrendum.

277 3527 352 3620 [De
369 3527 526 3622 quodam
533 3528 665 3620 fratre
683 3527 728 3599 ab
747 3527 1026 3622 z‘mpugnatzbne
1045 3527 1234 3597 daemonis

546 3643 727 3738 liberato}
786 3641 964 3714 LXXVI.

254 3870 336 3919 110.
349 3847 575 3920 Tentatione
589 3847 748 3945 spiritus
768 3872 865 3942 quae
881 3845 1002 3919 carnis
1022 3844 1209 3916 incentivo
1230 3844 1314 3914 sub-

194 3951 291 4026 tilior
309 3971 366 4026 est
394 3971 432 4026 et
460 3954 573 4051 peior,
600 3954 734 4026 accidit
763 3955 913 4026 fratrem
943 3953 1143 4048 quemdam
1174 3950 1312 4022 diutius

129 4104 168 4169 30
196 4085 277 4133 esse
296 4077 483 4133 vexatum.
542 4060 617 4155 Qui
637 4062 789 4133 tandem
809 4060 857 4132 ad
877 4077 1046 4131 sanctum
1069 4056 1310 4129 Franciscum

266 4268 290 4323 6.
312 4272 334 4324 A
355 4287 383 4323 se
456 4272 480 4324 8.
500 4271 524 4322 A
545 4289 592 4323 om.
612 4270 637 4322 ei
710 4284 734 4339 9.
755 4270 898 4340 quantum]
922 4270 950 4320 M
969 4267 1039 4337 quod
1118 4282 1154 4320 12.
1179 4265 1200 4318 R
1224 4282 1317 4335 proce·

197 4349 304 4403 dentem
398 4366 436 4419 13.
463 4351 487 4403 A
513 4350 599 4402 altum
694 4350 732 4402 16,
761 4351 785 4402 A
813 4348 917 4418 reliquit
971 4347 1101 4417 imitator]
1123 4348 1143 4400 R
1164 4345 1317 4400 aemulator

200 4429 292 4497 18-25.
312 4432 342 4483 M
360 4448 407 4483 om.
428 4430 482 4482 Sed
502 4430 563 4500 quid
576 4432 794 4482 -recurrendum
868 4443 910 4481 20.
930 4431 1014 4483 Rom.
1035 4446 1141 4499 semper
