3142 4875
260 346 336 416 300
634 350 807 398 Luounon
834 348 1000 398 sncuuun

1109 452 1374 466 .....-...—---

362 660 436 775 [De
462 668 712 740 sollicitudine
743 658 1003 774 subditorum}
1062 665 1256 739 CXXXII.

338 893 420 970 174.
453 873 528 945 Iam
558 897 648 944 vero
676 871 760 967 quis
780 870 969 944 Francisci
997 870 1283 944 sollicitudinem
1306 895 1376 967 pro

255 979 412 1052 subditis
431 978 576 1051 induit?
633 980 751 1050 Levat
769 976 828 1050 ille
848 1003 998 1075 semper
1016 979 1064 1051 ad
1079 978 1222 1050 caelum
1243 1003 1376 1050 manus

255 1111 325 1183 pro
353 1087 451 1159 veris
479 1085 665 1169 israelitis,
696 1101 733 1157 et
761 1085 817 1157 sui
848 1086 1074 1182 quandoque
1111 1084 1227 1157 oblito
1254 1084 1376 1181 prima

254 1195 416 1266 fraterna
444 1191 544 1265 salus
571 1192 742 1265 occurrit.
814 1191 1034 1264 Provolutus
1067 1192 1225 1288 pedibus
1263 1191 1375 1264 maie·
1406 1231 1424 1295 5

254 1300 369 1383 statis
411 1299 629 1404 sacrificium
666 1298 816 1395 spiritus
849 1324 917 1394 pro
961 1299 1074 1398 [filiis]
1114 1298 1231 1380 offert,
1271 1299 1375 1395 cogit

253 1407 301 1478 ad
337 1405 519 1479 beneficia
555 1407 691 1479 Deum.
750 1406 867 1503 Gregi
905 1405 1048 1502 pusillo
1080 1430 1190 1502 quern
1219 1422 1305 1500 post
1332 1430 1374 1476 se

252 1530 424 1596 traxerat,
449 1514 561 1611 pleno
583 1512 761 1609 [ti]moris
783 1516 946 1607 [a]more
967 1511 1198 1609 compatitur,
1222 1536 1269 1583 ne
1287 1529 1375 1608 post

253 1620 438 1716 perditum
455 1622 634 1693 mundum
649 1621 808 1716 perdere
829 1619 1023 1716 contingat
1037 1635 1076 1691 et
1090 1618 1245 1691 caelum.
1303 1619 1374 1690 Fu-

252 1743 376 1800 turum
406 1753 445 1799 se
474 1728 630 1824 putabat
659 1725 869 1823 inglorium,
894 1726 961 1798 uisi
981 1725 1203 1798 commissos
1227 1747 1299 1798 una
1318 1750 1373 1797 se·
1408 1760 1449 1806 10

253 1860 337 1906 cum
367 1835 505 1907 faceret
533 1832 729 1932 gloriosos,
761 1858 859 1929 quos
893 1815 1113 1906 laboriosius
1141 1833 1222 1905 eius
1250 1849 1372 1928 partu-

252 1941 371 2014 riebat
399 1941 550 2037 spiritus
578 1965 692 2037 quam
722 1956 893 2012 materna
921 1956 1103 2037 peperant
1131 1940 1285 2011 viscera.

678 2146 942 2154 --.-—-.-..—

359 2316 433 2430 [De
450 2324 692 2419 compassione
712 2313 981 2428 infirmorum}
1040 2319 1251 2392 CXXXIII.

338 2548 420 2619 175.
442 2526 562 2600 Multa
582 2526 649 2599 sibi
669 2528 717 2598 ad
738 2525 903 2598 infirmos
924 2526 1145 2623 compassio
1168 2526 1283 2599 multa
1301 2550 1371 2623 pro

253 2627 397 2707 illorum
428 2633 712 2705 necessitatibus
741 2632 960 2705 sollicitudo.
1019 2633 1228 2728 Siquando
1251 2632 1372 2728 pietas
1406 2669 1445 2735 15

251 2742 496 2813 saecularium
516 2738 716 2812 electuaria
736 2740 907 2812 mittebat
926 2739 1060 2819 eidem.
1083 2765 1166 2811 cum
1187 2740 1267 2836 ipse
1288 2742 1371 2836 plus

250 2848 332 2920 aliis
348 2848 543 2945 indigeret,
562 2847 719 2920 caeteris
733 2845 1006 2919 infirmantibus
1021 2847 1144 2919 dabat.
1191 2848 1371 2920 Omnium

251 2955 508 3052 languentium
525 2954 561 3025 in
577 2980 617 3026 se
637 2955 927 3027 transformabat
945 2954 1109 3035 affectus,
1131 2955 1247 3026 verba
1266 2980 1371 3051 prae-

252 3064 344 3134 bens
364 3061 634 3159 compassionis
649 3060 711 3133 ubi
727 3060 983 3133 subventionis
1000 3086 1073 3133 non
1090 3078 1249 3158 poterat.
1299 3061 1371 3133 Co-

253 3171 429 3263 medebat
462 3167 542 3265 ipse
579 3167 711 3239 diebus
746 3168 882 3249 ieiunii,
920 3193 964 3239 ne
1001 3167 1134 3240 infirmi
1170 3170 1370 3241 comedere
1401 3202 1445 3248 20

252 3292 480 3357 vererentur,
513 3300 582 3346 nec
610 3275 972 3369 vere[cunda]batur
1004 3300 1071 3371 per
1107 3274 1254 3371 publica
1286 3275 1370 3347 civi-

253 3398 370 3454 tatum
409 3407 540 3454 carnes
578 3380 676 3453 fratri
706 3381 854 3453 infirmo
887 3382 1117 3477 conquirere.
1189 3381 1370 3455 Monebat

252 3505 377 3561 tamen
407 3488 605 3586 languidos
638 3490 823 3583 patienter
852 3488 946 3560 serre
976 3488 1154 3571 desectus,
1187 3513 1255 3560 nec
1285 3514 1370 3561 con·

252 3620 408 3691 surgere
437 3594 473 3666 in
494 3596 709 3667 scandalum
730 3620 813 3666 cum
835 3619 908 3666 non
929 3610 1029 3667 esset
1050 3594 1137 3690 [eis]
1159 3619 1227 3691 per
1245 3595 1371 3668 omnia

251 3703 491 3775 satisfactum.
542 3700 651 3773 Unde
668 3702 703 3772 in
722 3702 885 3796 quadam
909 3703 1040 3800 regula
1054 3703 1164 3774 scribi
1181 3702 1370 3775 fecithaec
1402 3735 1420 3781 2
1427 3739 1444 3801 5
1466 3730 1471 3738 ·

249 3811 383 3882 verba:
406 3810 518 3904 Rogo
547 3833 678 3880 omnes
698 3809 830 3880 sratres
850 3834 955 3881 meos
976 3808 1152 3892 infirmos
1175 3823 1215 3880 ut
1235 3809 1270 3880 in
1295 3809 1371 3882 suis

250 3916 524 3989 infirmitatibus
540 3940 613 3987 non
630 3916 835 3988 irascantur
848 3917 940 4009 [vel]
959 3917 1227 3988 conturbentur
1242 3931 1371 3989 contra

250 4025 375 4096 Deum
408 4023 498 4121 [vel]
530 4038 659 4094 contra
688 4022 830 4095 iratres.
898 4024 984 4095 Non
1021 4021 1177 4095 multum
1215 4022 1371 4097 sollicite

324 4252 345 4303 ς.
365 4234 448 4303 salus]
469 4236 489 4287 R
509 4235 625 4287 charitas
680 4235 713 4286 M
730 4234 898 4287 Provolvitur
971 4235 994 4288 6.
1015 4236 1040 4288 A
1061 4235 1115 4289 suis
1188 4237 1212 4289 8.
1228 4238 1252 4289 A
1269 4237 1371 4290 amoris

250 4314 348 4365 timore
442 4331 479 4367 ιο.
501 4316 564 4383 nisi]
586 4314 618 4365 Μ
635 4332 668 4367 ne
770 4332 809 4369 12.
830 4316 849 4368 R
871 4328 1030 4386 pepererant
1125 4331 1165 4371 21.
1184 4317 1210 4369 A
1230 4317 1373 4370 verebatur

253 4407 293 4455 ²4-
313 4394 337 4444 A
357 4410 404 4444 nm.
425 4394 462 4444 eis
535 4408 576 4460 27.
596 4394 650 4461 vel]
671 4395 695 4446 A
716 4411 772 4448 non
845 4397 886 4449 28.
906 4395 961 4465 vei]
982 4398 1005 4450 A
1026 4413 1075 4449 nec
