3142 4875
597 357 711 407 nom
731 357 917 408 rnnncrsm
1241 359 1314 428 323

201 589 347 673 clinare,
378 589 549 688 promisit
582 590 645 675 eis,
677 607 716 664 et
743 589 824 665 aliis
855 607 1115 688 paupertatem
1144 592 1181 664 in
1210 591 1316 665 simili

200 697 485 771 conversatione
499 697 759 795 profitentibus
776 697 963 794 [firmiter]
986 724 1093 771 suum
1107 715 1146 772 et
1165 700 1318 772 fratrum

200 829 351 877 suorum
388 804 566 879 auxilium
602 820 641 877 et
678 804 872 878 consilium
908 822 1091 902 perpetuo
1128 805 1316 879 exhibere.

199 911 306 984 Haec
334 936 494 1009 semper,
525 911 614 983 dum
643 910 745 996 vixit,
767 911 967 1010 diligenter
986 912 1155 996 exsolvit,
1182 929 1221 985 et
1240 912 1317 986 fieri

153 1041 170 1106 5
201 1041 359 1114 semper,
391 1043 474 1091 cum
505 1018 614 1091 morti
633 1016 827 1115 proximus
845 1035 957 1105 esset,
986 1045 1060 1092 non
1081 1019 1320 1119 negligenter

202 1124 402 1197 mandavit.
465 1123 590 1197 Unum
618 1141 732 1222 atque
761 1125 936 1198 eumdem
964 1125 1144 1224 spiritum,
1176 1127 1315 1211 dicens,

201 1231 332 1306 iratres
361 1248 399 1306 et
426 1232 598 1306 dominas
626 1231 706 1304 illas
734 1232 981 1329 pauperculas
1000 1234 1048 1307 de
1076 1234 1148 1306 hoc
1168 1234 1318 1307 saeculo

201 1338 387 1412 eduxisse.

285 1467 371 1539 205.
402 1444 624 1532 Mirantibus
653 1446 879 1541 quandoque
907 1446 1080 1521 iratribus
1112 1448 1214 1544 quod
1241 1462 1318 1520 tam

135 1575 174 1623 ιο
202 1570 350 1626 sanctas
379 1552 517 1626 Christi
538 1550 695 1625 famulas
714 1578 781 1625 sua
810 1553 1022 1649 praesentia
1042 1553 1223 1652 corporali
1245 1579 1318 1627 non

202 1660 351 1757 saepius
362 1660 539 1747 visitaret,
555 1660 705 1733 dicebat
716 1686 723 1731 :
736 1660 823 1733 Non
833 1660 1003 1743 credatis,
1018 1660 1207 1746 carissimi,
1219 1662 1320 1757 quod

202 1791 267 1840 eas
281 1766 446 1864 persecte
475 1791 549 1839 non
569 1765 737 1864 diligam.
794 1766 833 1839 Si
852 1766 950 1840 enim
973 1767 1112 1840 crimen
1137 1784 1237 1841 esset
1255 1793 1321 1841 eas

202 1873 239 1945 in
269 1874 419 1946 Christo
448 1874 584 1955 lovere,
617 1899 742 1947 nonne
771 1873 891 1947 maius
920 1874 1049 1947 suisset
1077 1900 1142 1947 eas
1171 1874 1321 1948 Christo

201 1979 389 2053 iunxisse?
445 1979 495 2052 Et
522 1980 673 2077 quidem
702 2005 776 2052 non
807 2006 872 2052 eas
889 2006 1047 2055 vocasse
1067 1980 1165 2055 nulla
1193 1979 1322 2055 luisset

134 2108 171 2175 ¹5
200 2086 350 2172 iniuria;
382 2112 456 2160 non
485 2111 615 2159 curare
642 2103 796 2159 vocatas
815 2112 961 2160 summa
986 2104 1043 2160 est
1072 2087 1319 2161 inclementia.

200 2192 278 2267 Sed
293 2194 506 2292 exemplum
527 2194 577 2266 do
596 2192 713 2273 vobis,
732 2210 772 2266 ut
792 2194 1110 2291 quemadmodum
1130 2220 1205 2292 ego
1225 2195 1321 2268 facio

200 2299 253 2373 ita
280 2317 319 2373 et
337 2326 405 2373 vos
425 2299 577 2374 faciatis.
635 2299 733 2373 Nolo
752 2302 855 2398 quod
878 2300 1011 2397 aliquis
1029 2302 1077 2375 ad
1097 2301 1321 2375 visitandum

201 2432 267 2481 eas
286 2423 534 2506 spontaneum
554 2433 596 2481 se
614 2406 766 2502 offerat3
785 2408 853 2482 sed
873 2407 1009 2482 invitos
1032 2408 1099 2509 [et]
1122 2407 1321 2506 plurimum

201 2515 406 2588 renitentes
421 2515 532 2588 iubeo
551 2514 715 2613 ipsarum
734 2516 894 2589 servitiis
909 2516 1090 2614 deputari,
1112 2516 1322 2613 spirituales

131 2640 174 2688 20
202 2623 398 2695 dumtaxat
434 2622 543 2706 viros,
583 2622 699 2720 digna
741 2640 779 2696 et
813 2623 1000 2722 longaeva
1037 2624 1321 2697 conversatione

202 2731 390 2826 probatos

629 2864 896 2873 ———-—

232 3023 435 3139 [Quomodo
464 3030 699 3127 reprehendit
724 3033 901 3128 quosdam
928 3034 1000 3129 que'
1019 3033 1176 3107 libenter
1192 3034 1297 3107 ibant

495 3139 548 3211 od
573 3130 829 3246 monasterie}
888 3138 1018 3212 CLVI.

286 3355 371 3422 206.
404 3351 498 3424 Cum
529 3351 629 3423 enirn
658 3351 774 3423 semel
803 3351 954 3447 quidam
984 3353 1106 3437 frater,
1138 3353 1201 3449 qui
1230 3354 1323 3426 duas

132 3490 174 3557 ²5
203 3457 239 3530 in
270 3457 496 3530 monasterio
516 3457 680 3553 quodam
708 3457 802 3531 filias
820 3460 1011 3556 perfectae
1030 3459 1324 3532 conversationis

202 3564 376 3647 habebat,
393 3566 582 3661 quoddam
598 3566 866 3662 pauperculum
884 3565 1141 3639 munusculum
1155 3594 1203 3639 ex
1218 3585 1324 3663 parte

203 3670 319 3743 sancti
336 3670 494 3744 libenter
513 3672 562 3745 ad
581 3670 720 3744 dictum
741 3671 864 3745 locum
885 3699 925 3746 se
946 3675 1087 3746 diceret
1101 3674 1321 3755 delaturum,

204 3777 410 3875 increpavit
436 3803 523 3851 eum
552 3794 704 3852 sanctus
731 3779 940 3862 durissime,
971 3781 1086 3853 verba
1109 3805 1182 3852 non
1212 3780 1325 3853 modo

203 3884 398 3958 referenda
426 3885 626 3959 inculcans.
685 3885 823 3982 Sicque
851 3913 920 3983 per
938 3886 1050 3958 alium
1077 3902 1323 3967 recusantem,

135 4029 176 4097 30
204 3992 361 4065 sednon
381 3991 603 4065 obstinatius
618 3993 892 4090 persistentem,
915 3992 1118 4065 transmisit
1136 3993 1324 4067 exenium.

204 4098 313 4171 Alius
342 4099 454 4172 irater
482 4098 519 4172 in
548 4099 671 4172 hieme
701 4125 814 4173 causa
843 4100 1114 4197 compassionis
1131 4102 1180 4173 ad
1200 4126 1326 4174 mona·

279 4344 299 4381 1.
319 4326 611 4395 simill]Rconsimili
685 4327 754 4380 2.A
774 4345 824 4380 om⁴
843 4326 956 4379 firmiter
1010 4343 1035 4393 4.
1056 4330 1076 4383 R
1097 4327 1159 4382 Hoc
1217 4343 1255 4381 12.
1278 4329 1326 4381 cri-

205 4408 279 4476 men]
302 4409 322 4463 R
343 4418 447 4460 certum
466 4408 624 4477 (magnum)
702 4408 739 4459 18.
759 4408 785 4460 A
806 4419 834 4461 ut
907 4421 951 4475 27.
970 4408 1069 4478 sancti]
1091 4411 1112 4464 R
1131 4424 1178 4461 sua
