3142 4875
639 362 744 412 nunti
772 362 959 412 ranuciscr
1282 362 1354 434 395

656 469 776 477 ω..
783 473 812 477 -,.
820 472 826 476 .
835 472 940 477 .——-
955 472 1327 480 *ww—*0⁴-

239 592 308 676 illa,
332 592 437 689 quasi
457 593 589 667 nolens
603 593 769 690 recipere
789 619 901 689 quem
921 595 1045 667 statim
1072 596 1230 692 perdere
1250 621 1357 692 opor-

239 715 342 783 teret,
374 702 572 774 recusabat
600 699 746 773 dicens:
779 700 906 794 Quare
936 723 1093 797 puerum
1124 702 1233 774 istum
1257 703 1354 787 v010,

238 832 349 903 quern
380 809 503 881 statim
525 826 565 880 ut
583 826 752 881 caeteros
772 807 864 881 morl
885 808 987 882 scio?
1036 808 1105 881 Cui
1127 808 1206 883 illa:
1234 809 1354 896 Tolle,

237 913 298 994 ait,
330 915 417 1011 quia
454 940 565 1011 quem
595 915 661 988 tibi
691 913 801 987 mittit
838 932 990 988 sanctus
1024 915 1245 990 Franciscus
1280 916 1356 990 vita

190 1049 206 1113 5
238 1019 347 1093 vivet.
404 1020 513 1095 Talia
541 1047 625 1094 cum
654 1022 749 1094 inter
777 1047 818 1096 se
847 1022 919 1094 iam
953 1021 1063 1095 tertio
1101 1023 1354 1119 replicassent,

238 1127 402 1201 oblatum
432 1154 589 1224 puerum
619 1128 769 1201 domina
791 1130 956 1226 suscepit
975 1130 1011 1201 in
1033 1130 1213 1203 manibus.
1272 1130 1356 1203 Evi-

237 1233 330 1331 gilat
357 1235 481 1308 statim
510 1260 533 1308 a
561 1260 693 1308 somno
722 1251 760 1307 et
788 1235 866 1308 viro
895 1263 964 1309 suo
993 1238 1124 1310 recitat
1160 1236 1353 1310 visionem.

238 1341 476 1414 Exhilaratur
513 1358 668 1438 uterque
706 1342 846 1440 gaudio
884 1368 1033 1441 magno,
1069 1360 1107 1416 et
1143 1369 1212 1441 pro
1240 1344 1347 1417 susci·

237 1449 374 1545 pienda
411 1447 515 1546 prole
553 1447 797 1544 multiplicant
833 1467 921 1522 vota
950 1476 1027 1526 sua.
1086 1451 1262 1548 Impletur
1290 1454 1356 1524 de-

172 1582 208 1629 ιο
238 1556 347 1652 nique
376 1573 525 1652 tempus
553 1555 732 1652 pariendi,
754 1572 792 1628 et
811 1557 957 1653 peperit
978 1557 1116 1630 semina
1136 1558 1351 1642 masculum,

237 1662 299 1759 qui
335 1662 508 1737 vitalibus
545 1662 681 1736 llorens
718 1664 913 1749 aetatibus,
954 1673 1184 1737 mortuorum
1227 1666 1355 1739 lunera

237 1769 503 1867 compensavit.

217 1907 219 1910 ’
316 1878 377 1967 98.
408 1877 522 1973 Apud
557 1876 766 1949 Viterbium
805 1875 925 1973 partui
963 1877 1174 1975 propinqua
1211 1880 1351 1962 mulier,

238 1985 344 2056 morti
374 1983 627 2080 propinquior,
649 1984 891 2057 visceralibus
918 1999 1144 2057 tormentata
1164 1983 1355 2059 doloribus

169 2117 179 2161 r
189 2116 204 2180 5
235 2107 273 2162 et
292 2105 370 2164 tota
389 2090 604 2164 calamitosa
624 2091 832 2163 infortuniis
853 2091 1060 2168 mulierum.
1099 2091 1355 2165 Consuluntur

237 2196 380 2281 medici,
412 2196 586 2270 mulieres
614 2199 771 2270 edoctae
800 2213 998 2280 vocantur;
1034 2199 1101 2269 sed
1131 2198 1220 2270 nihil
1248 2200 1353 2295 profi·

236 2303 427 2387 cientibus,
451 2305 664 2402 desperatio
692 2305 772 2377 sola
800 2305 975 2377 restabat.
1034 2304 1187 2377 Invocat
1219 2305 1355 2379 afflicta

235 2412 385 2484 beatum
415 2411 665 2494 Franciscum,
697 2426 736 2484 et
764 2410 860 2485 inter
887 2412 959 2484 alia
988 2412 1123 2485 lestum
1153 2412 1233 2485 eius
1261 2413 1354 2487 cele-

236 2520 422 2591 braturam
452 2545 503 2603 se,
535 2519 711 2616 quamdiu
741 2518 886 2604 vixerit,
918 2516 1123 2615 pollicetur.
1177 2520 1352 2594 Liberata

165 2650 206 2696 20
235 2625 429 2699 consestim
451 2626 582 2699 mulier
600 2642 747 2722 partum
768 2652 852 2699 curn
873 2626 1014 2723 gaudio
1034 2627 1218 2700 terminat.
1277 2627 1354 2701 Sed

234 2749 404 2805 assecuta
423 2734 525 2830 quod
544 2732 669 2815 voluit,
693 2732 921 2806 obliviscitur
940 2734 1042 2828 quod
1062 2733 1241 2829 promisit.
1290 2735 1353 2808 Ad

234 2838 433 2913 lavandum
471 2841 570 2912 enirn
607 2864 752 2937 pannos
780 2840 842 2912 die
870 2838 986 2911 sancti
1021 2839 1208 2916 Francisci
1237 2842 1349 2925 vadit,

235 2946 397 3019 hesterni
416 2946 493 3019 voti
514 2972 587 3019 non
608 2946 804 3020 immemor
823 2946 890 3018 sed
910 2948 1173 3043 contemptrix.
1220 2948 1352 3021 Statim

234 3078 323 3126 vero
351 3052 458 3127 dolor
486 3054 655 3127 insolitus
683 3053 788 3126 irruit
808 3078 919 3149 super
937 3078 1032 3134 eam,
1055 3068 1094 3126 et
1112 3079 1235 3151 poena
1256 3082 1353 3129 com·

164 3187 202 3252 25
235 3160 376 3235 monita
390 3161 542 3233 domum
564 3160 770 3233 revertitur.
816 3159 891 3232 Sed
912 3176 1083 3233 cessante
1103 3160 1243 3246 dolore,
1267 3163 1354 3259 quia

234 3268 280 3338 de
300 3267 466 3341 illiserat
493 3293 589 3364 quae
612 3292 679 3363 per
698 3268 828 3340 horam
849 3266 975 3339 decies
995 3267 1245 3351 immutantur,
1264 3269 1352 3342 dum

234 3374 351 3446 cernit
363 3374 504 3447 vicinas
519 3373 695 3471 operibus
709 3375 826 3457 dataS,
838 3372 984 3447 aemula
999 3375 1209 3448 temeritate
1225 3377 1354 3472 peiora

234 3506 346 3576 quarn
383 3480 486 3577 prius
522 3480 668 3577 operari
710 3479 924 3577 praesumit.
990 3480 1123 3554 Subito
1160 3483 1351 3556 brachium

233 3587 404 3660 dextrum
433 3588 481 3660 ad
510 3586 676 3660 laborem
705 3604 902 3660 extensum
923 3612 1100 3661 revocare
1122 3613 1194 3660 nou
1216 3606 1349 3686 potest,

164 3705 204 3770 30
233 3695 300 3765 sed
320 3693 521 3767 inflexibile
548 3710 652 3766 tenet
670 3711 708 3766 et
727 3696 882 3768 aridum.
941 3694 1075 3767 Studet
1105 3722 1188 3768 cum
1209 3695 1353 3794 reliquo

233 3799 321 3873 illud
358 3801 515 3899 erigere,
547 3801 614 3873 sed
643 3800 750 3874 simili
790 3800 1050 3874 maledictione
1089 3801 1177 3873 illud
1206 3805 1352 3883 arescit.

234 3906 389 3981 Cibatur
426 3909 498 3982 iam
537 3907 662 3980 infelix
690 3933 712 3980 a
741 3909 826 3992 filio,
868 3934 936 3980 nec
969 3933 1036 4005 per
1064 3934 1105 3980 se
1134 3911 1182 3982 ad
1211 3909 1353 4008 reliqua

233 4031 356 4110 potest
383 4039 593 4113 assurgere.
651 4015 815 4112 Stupens
844 4016 898 4087 vir
928 4014 1017 4097 eius,
1040 4031 1078 4086 et
1098 4041 1249 4088 causam
1268 4043 1353 4113 per·

232 4137 426 4206 cunctatus
463 4138 630 4207 eventus,
670 4121 806 4217 accipit
840 4122 951 4193 fidem
992 4122 1183 4194 mentitam
1223 4143 1353 4195 sancto

161 4265 200 4329 35
232 4228 432 4307 Francisco
460 4253 611 4302 causam
640 4253 723 4301 esse
752 4226 940 4300 tormenti.
1000 4226 1076 4297 Sed
1105 4228 1238 4300 timore
1276 4254 1353 4301 cor-

305 4489 345 4543 30·
365 4474 389 4526 A
401 4474 422 4526 B
441 4492 490 4526 om.
510 4486 535 4524 et
