3142 4875
633 278 803 328 lrssotzxnn
831 277 997 326 SECUNDA

710 389 748 394 -·-
775 389 816 394 --
845 386 1131 394 ⁴.....---.-.---..-.-
1144 386 1167 390 —r
1184 385 1344 392 u--.——

253 512 360 609 regni
398 537 543 583 summa
581 509 771 607 republica
821 511 1051 582 versabatur.
1116 508 1256 581 Solitus
1293 527 1372 582 erat

252 635 358 715 pater
386 620 519 690 beatus
550 618 686 692 nullam
723 616 972 689 visitationem
1011 616 1162 712 spiritus
1200 642 1284 687 cum
1314 643 1372 689 ne·

252 726 435 823 gligentia
463 725 678 821 praeterire,
710 722 894 819 siquidem
933 750 1017 795 cum
1055 723 1281 796 offerebatur
1316 751 1374 796 se·

252 832 437 928 quebatur
478 858 572 912 eam,
618 848 655 903 et
693 831 870 927 quamdiu
916 830 1102 902 Dominus
1135 829 1375 927 permittebat
1529 905 1530 920 ,

253 940 443 1011 fruebatur
472 938 669 1011 dulcedine
698 938 749 1009 sic
779 938 915 1009 oblata.
975 938 1070 1008 Cum
1100 935 1214 1033 igitur
1250 935 1374 1032 aliquo
1407 964 1423 1027 5
1529 943 1530 1008 3

255 1046 409 1143 negotio
439 1061 645 1144 urgeretur,
677 1044 735 1116 vel
765 1045 929 1116 intentus
958 1060 1058 1116 esset
1087 1043 1218 1124 itineri,
1255 1059 1375 1115 tactus

226 1187 228 1190 ·
254 1152 438 1248 quosdam
458 1152 602 1249 gratiae
631 1153 768 1223 sensim
798 1152 1042 1248 persentiens,
1062 1150 1240 1247 gustabat
1264 1149 1377 1222 iuter-

255 1258 408 1354 polatim
446 1259 510 1357 [et]
553 1259 766 1354 frequenter
804 1257 909 1331 illud.
935 1283 1071 1330 manna
1109 1256 1373 1329 dulcissimum.

256 1366 353 1436 Nam
382 1382 419 1436 et
449 1367 483 1436 in
512 1365 581 1446 via,
614 1364 723 1437 sociis
753 1363 1074 1460 praecedentibus,
1097 1365 1258 1460 gradum
1288 1364 1375 1462 fige-

256 1473 329 1553 bat,
354 1497 564 1568 uovamque
586 1471 864 1568 inspirationem
888 1471 970 1570 [ad]
993 1470 1204 1543 fruitionem
1226 1496 1375 1544 conver·
1409 1494 1446 1538 10

255 1594 349 1662 tens
381 1578 539 1676 gratiam
571 1604 644 1650 non
675 1578 878 1674 recipiebat
908 1579 943 1649 in
973 1581 1182 1672 va[cu]um.
1529 1581 1530 1590 ’

320 1970 395 2062 [Dc
423 1968 526 2042 lauris
554 1968 737 2037 canonica
765 1968 885 2037 (levate
914 1966 1136 2064 reddendis}
1196 1965 1311 2037 LXll,

338 2186 399 2269 96.
431 2180 556 2252 Horas
585 2179 784 2250 canonicas
815 2203 887 2249 non
910 2178 1031 2249 minus
1050 2179 1246 2251 timoratus
1266 2203 1377 2274 quam

258 2288 417 2358 devotus
446 2286 638 2362 reddebat.
696 2285 793 2357 Nam
822 2284 908 2356 licet
943 2286 1146 2369 oculorum,
1184 2284 1377 2366 stomachi,

257 2392 396 2490 splenis
426 2409 463 2464 et
490 2393 609 2489 epatis
629 2392 864 2490 aegritudine
886 2390 1080 2476 laboraret,
1102 2381 1253 2464 uolebat
1274 2416 1380 2464 muro
1414 2418 1443 2481 ¹5

185 2594 186 2597 Ἴ
257 2500 315 2573 vel
363 2500 506 2597 parieti,
546 2500 635 2571 dum
678 2498 862 2596 psalleret,
898 2498 1140 2594 [in]haerere,
1173 2502 1240 2571 sed
1270 2499 1380 2572 horas

257 2632 407 2704 semper
426 2622 573 2679 erectus
593 2624 630 2678 et
650 2606 729 2678 sine
750 2606 912 2703 caputi0,
936 2632 1009 2678 non
1030 2606 1224 2703 girovagis
1251 2605 1376 2683 oculis¹

261 2740 335 2787 uon
351 2739 435 2786 cum
452 2714 576 2809 aliqua
595 2739 763 2810 syncopa
783 2712 1032 2810 persolvebat.
1076 2714 1171 2785 Cum
1192 2738 1259 2810 per
1279 2739 1380 2785 mun·

258 2823 347 2893 dum
367 2821 484 2917 pedes
505 2821 592 2902 ibat,
615 2845 764 2916 semper
783 2820 832 2892 ad
852 2821 1050 2892 dicendum
1073 2821 1184 2892 horas
1208 2846 1380 2918 gressum
1529 2914 1530 2917 Ἴ

261 2928 420 3025 figebat3
453 2953 537 2999 cum
573 2952 662 2999 vero
697 2952 823 3023 eques,
863 2928 1118 2999 descendebat
1145 2928 1194 2998 ad
1230 2944 1378 3000 terram.
1410 2950 1448 2997 20

261 3035 371 3107 Unde
400 3060 484 3106 cum
514 3035 574 3106 die
594 3034 755 3129 quadam
780 3050 1030 3106 reverteretur
1050 3035 1097 3106 ab
1119 3032 1220 3106 Urbe
1240 3050 1279 3106 et
1298 3059 1381 3107 con-

260 3141 361 3214 tinue
400 3143 554 3239 plueret,
585 3143 634 3215 ad
668 3140 868 3212 dicendum
907 3141 1070 3213 osticium
1105 3143 1153 3213 de
1190 3165 1289 3236 equo
1318 3142 1383 3213 de-

152 3315 155 3320 .
260 3249 415 3333 scendit,
439 3249 578 3345 diuque
597 3240 717 3331 stans¹
733 3264 834 3320 totus
863 3248 929 3319 fuit
959 3248 995 3320 in
1021 3247 1147 3345 pluvia
1174 3247 1380 3321 balneatus.

261 3357 424 3429 Dicebat
460 3357 560 3428 enim
595 3356 812 3451 aliquando:
850 3354 888 3426 Si
926 3356 1053 3451 quiete
1088 3380 1223 3451 corpus
1260 3380 1383 3428 come·

262 3463 316 3535 dit
349 3463 472 3536 cibum
505 3489 623 3544 suum,
660 3462 822 3533 futurum
852 3488 936 3534 cum
966 3462 1048 3559 ipso
1075 3462 1258 3535 vermium
1284 3487 1380 3547 esca,
1412 3484 1444 3549 25

262 3596 345 3642 cum
389 3585 530 3666 quanta
575 3595 669 3666 pace
711 3595 754 3641 ac
792 3568 1058 3664 tranquillitate
1101 3570 1215 3641 debet
1260 3570 1384 3642 anima

262 3679 385 3750 cibum
416 3702 534 3760 suum,
567 3676 629 3772 qui
659 3691 716 3747 est
744 3676 850 3748 Deus
879 3702 978 3757 suus,
1010 3675 1203 3775 accipere!

333 3905 392 3942 1-2.
416 3891 443 3941 ,ll
463 3888 565 3941 Solitos
586 3901 676 3940 autem
697 3901 754 3940 erat
767 3875 794 3941 vct
814 3906 863 3940 orn.
884 3901 959 3958 pater
979 3888 1072 3940 beatus
1149 3904 1172 3957 3,
1187 3885 1336 3958 siquidem]
1358 3888 1385 3940 ,l
1466 3914 1472 3921 «

260 3970 306 4022 sed
382 3971 405 4022 8.
427 3972 449 4023 Α
471 3988 519 4021 om.
540 3980 566 4021 et
645 3986 669 4038 9.
685 3970 714 4022 il
728 3987 776 4021 om.
792 3982 818 4021 et
902 3983 940 4021 10.
962 3968 1007 4037 acl]
1029 3969 1053 4021 A
1074 3982 1100 4021 et
1182 3985 1220 4022 11.
1240 3968 1265 4021 A
1286 3984 1383 4020 vanum

264 4049 303 4103 16.
320 4050 344 4102 A
362 4050 508 4102 adhaerere
586 4050 624 4102 18.
642 4049 663 4101 R
680 4048 835 4119 persolvere
914 4063 953 4119 ¹9·
972 4051 999 4101 ll
1015 4049 1097 4102 boras
1113 4066 1173 4102 suas
1246 4047 1289 4105 26.
1304 4051 1385 4103 Rom.

262 4148 325 4183 cum
1390 4137 1394 4147 ’

691 4282 959 4293 ——-...--———-
