3142 4875
633 373 738 424 asam
766 373 951 422 rulucrscr
1099 413 1185 460 ,Α
1302 353 1350 441 69

230 581 292 665 cit,
313 580 510 678 ipsamque
531 580 664 653 obtulit
684 597 815 653 sancto
835 580 924 653 viro.
984 581 1068 677 lpse
1088 605 1188 664 veru,
1211 606 1357 678 parum-

228 712 298 782 per
313 713 360 760 ex
376 688 510 761 eadem
532 702 683 761 caseata
698 685 915 759 charitative
931 687 1152 784 suscipiens
1174 688 1357 784 reliquum

229 793 336 867 iussit
364 793 558 867 mulierem
588 820 672 867 curn
702 792 840 866 familia
869 795 1106 867 manducare.

659 1007 923 1016 ——m

236 1182 419 1282 Quomodo
433 1184 605 1279 fratrom
635 1209 752 1256 unum
780 1211 804 1255 a
831 1185 962 1256 caduco
990 1185 1121 1267 morbo,
1151 1209 1214 1257 sou
1232 1211 1256 1255 a
1274 1185 1354 1257 dao-

181 1327 199 1391 5
278 1401 280 1404 ¹
312 1301 434 1371 monio
453 1300 637 1383 liberavit,
658 1302 724 1395 [ot]
740 1301 914 1395 quomodo
931 1302 1036 1395 apud
1048 1301 1183 1373 Sancti
1202 1300 1358 1372 Gemini

312 1425 475 1486 castrum
503 1416 777 1488 daemoniacam
806 1415 989 1488 liberauit.
1047 1414 1171 1487 XXV.

316 1628 376 1699 68.
437 1628 570 1702 Frater
599 1652 694 1701 unus
723 1627 974 1702 infirmitatem
995 1629 1195 1701 maximam
1216 1646 1254 1702 et
1273 1629 1354 1701 hor·

234 1731 378 1806 ribilem
393 1733 475 1807 visu
497 1733 710 1832 patiebatur
728 1735 952 1831 frequenter,
977 1760 1088 1831 quam
1109 1761 1185 1832 quo
1205 1736 1355 1809 nomine
1407 1810 1412 1820 ,

235 1865 410 1914 censeam
432 1841 569 1924 nescio,
592 1866 677 1914 cum
697 1841 848 1938 quidam
873 1839 1117 1940 ma[li]gnum
1137 1841 1248 1914 luisse
1276 1842 1356 1915 dia·
1379 1859 1382 1870 '
1428 1849 1434 1920 ζ

161 1966 205 2013 10
235 1946 362 2024 bolum
391 1947 600 2045 opinentur.
658 1949 755 2049 Nam
784 1964 886 2021 totus
914 1972 1028 2045 saepe
1056 1949 1286 2031 allidebatur,
1318 1964 1356 2020 et

236 2054 435 2128 miserabili
464 2071 619 2152 aspectu
648 2040 852 2150 respiciens
888 2054 1125 2127 volutabatur
1153 2080 1352 2152 spumans;

237 2185 333 2233 nunc
363 2162 531 2234 membra
559 2161 655 2236 illius
683 2162 1008 2245 contrahebantur,
1044 2187 1142 2234 nunc
1175 2163 1356 2234 extende-

235 2268 380 2351 bantur,
413 2294 511 2341 nunc
539 2266 676 2365 plicata
696 2285 733 2354 et
756 2283 864 2353 torta,
889 2294 985 2341 nunc
1005 2268 1127 2366 rigida
1145 2268 1354 2341 efficieban-

110 2462 115 2469 .
235 2389 295 2447 tur
321 2391 358 2448 et
384 2375 487 2449 dura.
547 2375 785 2472 Quandbque
814 2390 915 2449 totus
943 2391 1122 2449 extensus
1141 2392 1179 2449 et
1198 2375 1350 2474 rigidus,

165 2502 178 2549 r
186 2504 203 2569 5
235 2482 404 2578 pedibus
421 2484 592 2578 aequatis
621 2482 741 2580 capiti,
773 2481 990 2555 elevabatur
1018 2483 1055 2555 in
1083 2482 1209 2567 altum,
1240 2508 1353 2580 quan·

235 2604 313 2659 tum
342 2588 408 2662 viri
438 2606 578 2662 statura
608 2605 674 2673 est,
706 2605 745 2662 et
776 2588 900 2662 subito
934 2590 1100 2669 resilibat
1126 2592 1175 2663 ad
1203 2605 1351 2664 terram.

236 2693 352 2768 Cuius
380 2694 599 2794 languorem
629 2696 891 2793 gravissimum
928 2713 1079 2770 sanctus
1107 2713 1214 2793 pater
1241 2697 1365 2795 Fran-v

236 2800 355 2876 ciscus
384 2802 581 2876 miseratus
610 2802 675 2875 ivit
703 2803 750 2875 ad
779 2830 877 2887 eum,
908 2818 948 2877 et
982 2804 1078 2876 iacta
1114 2804 1282 2877 oratione
1311 2803 1355 2876 si·

236 2910 366 3005 gnavit
380 2935 466 2983 eurn
482 2935 525 2982 ac
545 2909 748 2983 benedixit.
808 2910 883 3003 Qui
898 2911 1032 2994 subito,
1056 2935 1168 2982 sanus
1187 2909 1352 2992 effectus,

159 3036 207 3083 20
236 3014 458 3091 infirmitatis
485 3015 594 3089 huius
623 3015 813 3089 molestias
845 3015 990 3113 aliquas
1019 3015 1170 3090 minime
1193 3032 1355 3114 postmo-

237 3120 324 3194 dum
353 3123 537 3196 toleravit.

317 3234 378 3320 692
437 3230 612 3323 Quadam
628 3229 689 3304 die
705 3256 786 3303 cum
804 3229 979 3303 transiret
994 3230 1230 3303 beatissimus
1249 3246 1356 3326 pater

237 3335 457 3410 Franciscus
476 3361 544 3433 per
568 3336 829 3433 episcopatum
855 3335 1113 3422 Narniensem,
1137 3338 1288 3411 devenit
1306 3337 1354 3409 ad

236 3458 397 3515 castrum
426 3443 628 3539 quoddam,
660 3444 763 3539 quod
798 3443 933 3516 dicitur
968 3442 1095 3516 Sancti
1124 3442 1285 3528 Gemini,
1316 3460 1354 3518 et

160 3570 205 3636 25
235 3548 497 3646 evangelizans
516 3549 566 3623 ibi
585 3575 746 3648 regnum
766 3550 853 3634 Dei,
874 3576 896 3623 a
915 3549 995 3623 viro
1015 3551 1178 3646 quodam
1199 3550 1353 3624 timente

234 3673 347 3752 atque
375 3657 521 3730 colente
541 3656 677 3738 Deum,
700 3656 791 3730 satis
819 3658 942 3730 bonae
965 3659 1086 3731 lamae
1106 3656 1142 3730 in
1163 3674 1262 3730 terra
1280 3658 1350 3741 illa,

308 3882 327 3919 1.
350 3866 384 3921 Os
403 3884 452 3921 om.
472 3883 537 3920 vero
620 3869 687 3936 3.R
708 3866 816 3921 mulieri
897 3870 1158 3934 4.0,tom.unum
1241 3883 1302 3934 4-5.
1324 3869 1358 3921 Os

232 3945 290 3999 sive
299 3946 480 4000 daemoniaco
491 3946 645 3999 liberaverit
654 3955 677 4001 ot
686 3965 735 4001 om.
746 3949 888 4018 quomodo
963 3964 984 4016 5.
997 3949 1033 4013 B,
1046 3949 1126 4002 Pom.
1137 3960 1163 4000 et
1201 3947 1251 4001 ΡΑ
1263 3964 1357 4019 quom.

233 4040 259 4079 et
281 4043 323 4096 ap.
373 4027 397 4081 Ε
415 4027 443 4079 3.
464 4026 585 4080 Severini
660 4026 686 4084 6.
707 4028 749 4082 Ox
767 4029 873 4081 sanavit
945 4046 970 4097 9.
995 4030 1017 4082 B
1040 4046 1172 4099 magnum
1251 4044 1290 4082 11.
1314 4029 1360 4083 AS

233 4107 349 4161 mirabili
406 4109 592 4178 Osaspiciens
669 4125 706 4162 12.
729 4110 846 4162 Ornam
868 4110 988 4163 membra
1009 4109 1066 4163 eius
1146 4109 1357 4177 12-13.Hom.

232 4204 303 4241 nunc
315 4188 524 4242 extendebantur
601 4204 640 4257 15.
655 4189 692 4254 E,
707 4189 770 4256 Fa,
787 4190 844 4254 Ox,
862 4190 895 4241 W
906 4189 1079 4244 elevabantur
1126 4190 1152 4243 in
1165 4190 1262 4259 altum]
1277 4191 1358 4243 Lsal·

232 4282 289 4322 tum
366 4266 404 4322 ιδ.
418 4268 463 4323 AS
474 4268 608 4322 residebat
684 4268 947 4338 17.Rfortissimum
1023 4270 1183 4323 18.Pvenit
1258 4271 1357 4341 19.0x

227 4364 282 4404 om.
301 4364 364 4401 eum
438 4363 479 4403 20.
499 4348 520 4402 R
541 4349 598 4402 eius
635 4359 640 4365 ·
672 4350 894 4403 20·21.Hmin.
913 4349 997 4403 sensit
1015 4363 1113 4420 postm.
1130 4358 1153 4404 et
1168 4368 1215 4403 om,
1232 4350 1357 4404 toleravit

235 4430 269 4483 Os
285 4441 377 4499 postea
450 4444 492 4484 22.
513 4429 548 4484 Os
566 4430 705 4484 transisset
758 4430 800 4484 Ox
818 4430 913 4484 beatus
