3142 4875
251 305 368 355 xxxiv
673 300 952 350 PROLEGOMENA

462 404 678 412 ---——

318 526 481 594 Notentut
503 523 583 591 haec
614 521 712 591 verba
736 520 921 591 Salimbene
944 543 1014 587 reo
1037 520 1124 608 quod
1158 522 1259 590 multa
1282 525 1374 590 inve·

251 632 420 701 niebantut
441 653 523 719 quae
546 629 660 718 scripta
679 651 747 697 nou
771 648 904 708 erant»,
923 651 964 694 ex
987 627 1102 715 quibus
1125 627 1268 717 legitime
1297 651 1375 697 con·

251 738 446 807 cludendum
471 755 518 805 est
540 736 629 825 quod
655 756 779 823 praeter
809 734 980 823 Legendas
1005 734 1172 816 Thomae,
1195 735 1310 803 Iuliani
1334 736 1374 803 de

250 846 341 933 Spita
365 864 397 912 et
420 843 533 910 notarii
551 843 692 923 Ioannis,
716 839 841 908 nullum
867 840 952 908 aliud
970 840 1124 928 scriptum
1140 839 1243 908 fuerat
1262 841 1373 930 vulga·

250 951 374 1018 tum.<¹)
421 949 501 1018 Inde
515 951 658 1036 sequitur
680 950 796 1036 pariter
813 968 938 1014 novum
956 969 1038 1035 opus
1056 946 1153 1014 fuisse
1173 947 1373 1034 postulatum

250 1079 316 1124 uon
334 1054 478 1143 eoquod
504 1053 655 1142 Legenda
678 1053 781 1141 prima
805 1051 886 1119 facta
906 1052 1006 1120 luerat
1028 1075 1139 1131 exosa,
1158 1052 1214 1120 sed
1238 1054 1311 1141 quia
1326 1055 1373 1121 in·

251 1164 421 1251 completa.
469 1161 590 1229 Electio
613 1160 766 1227 Thomae
786 1159 826 1227 ad
853 1159 906 1225 illa
929 1159 1045 1246 scripta
1069 1158 1249 1249 colligenda
1268 1180 1300 1226 et
1323 1184 1372 1228 re·

250 1269 384 1337 visenda
400 1270 512 1357 probat
535 1267 663 1355 insuper
680 1290 755 1333 eutn
775 1265 908 1333 fratrum
925 1266 1198 1333 existimationem
1213 1290 1281 1335 nou
1296 1269 1373 1334 ami·

250 1377 339 1456 sisse,
359 1377 405 1443 uti
426 1375 592 1443 clamitant
610 1374 679 1440 eius
698 1373 903 1440 detractores.

317 1482 424 1550 Verba
447 1481 683 1550 Chronicatum
703 1502 915 1560 resumamus,
935 1482 1010 1568 quia
1027 1479 1116 1567 plura
1135 1480 1280 1568 diligenti
1301 1504 1373 1549 exa·

251 1590 339 1656 mine
373 1587 528 1677 indigent.
583 1588 757 1674 Praecepto
789 1585 954 1654 Generalis
984 1586 1118 1666 inducti,
1150 1587 1287 1675 legimus
1318 1588 1374 1671 ibi,

251 1696 337 1763 Socii
361 1697 461 1763 sancti
483 1695 583 1761 Patris
607 1692 708 1760 multa
730 1694 763 1760 in
787 1693 909 1781 scriptis
933 1692 1136 1780 redegerunt.
1184 1693 1267 1762 lllud
1290 1696 1372 1764 clare

250 1804 309 1891 ipsi
328 1806 424 1869 etiam
450 1819 605 1868 testantur
623 1801 656 1867 iu
673 1798 824 1888 epistola:
853 1799 970 1866 «Cum
995 1796 1035 1865 de
1059 1799 1214 1867 mandato
1234 1803 1372 1890 proximi

250 1908 378 1998 capituli
402 1908 559 1996 generalis
589 1926 621 1973 et
644 1924 752 1973 vestro
776 1922 945 1972 teneantur
968 1904 1124 1972 iratres».
1177 1906 1273 1975 Unde
1298 1909 1372 1996 ipsis

251 2015 474 2086 contradicunt
489 2014 545 2104 qui
560 2014 653 2082 citata
665 2013 762 2080 verba
775 2014 1073 2101 praetermittentes,
1086 2013 1287 2082 contendunt
1300 2015 1372 2084 illos

250 2125 343 2191 unice
366 2146 422 2189 sua
439 2134 539 2211 sponte
561 2121 739 2209 scripsisse3
770 2120 963 2207 scripserunt
987 2137 1022 2186 ut
1045 2138 1214 2208 praecepto
1238 2145 1372 2210 genera·

249 2232 321 2299 liter
336 2230 411 2297 dato
428 2229 695 2315 obtemperarent.
742 2226 913 2293 Videretur
928 2249 968 2293 ex
984 2225 1113 2293 illorum
1130 2228 1263 2316 epistola
1280 2253 1371 2296 man·

249 2338 361 2405 datum
392 2337 559 2425 praecipue
581 2352 738 2422 spectasse
761 2332 802 2399 ad
825 2335 916 2421 signa
940 2351 972 2401 et
995 2333 1141 2423 prodigia
1172 2335 1369 2424 colligenda3

249 2462 392 2513 attamen
406 2461 495 2531 gesta
514 2442 623 2509 Sancti
647 2465 714 2510 nou
735 2441 996 2521 excludebantur,
1021 2441 1108 2510 unde
1128 2445 1232 2512 visum
1247 2465 1295 2512 est
1311 2446 1370 2513 illis
1460 2430 1463 2437 ⁵

254 2571 383 2639 «pauca
400 2547 439 2616 de
462 2547 570 2617 multis
586 2547 684 2636 gestis
702 2549 802 2636 ipsius
825 2548 1020 2614 intimare...
1046 2569 1112 2615 non
1137 2552 1280 2617 contenti
1297 2574 1369 2618 nar·

248 2679 317 2724 rate
340 2655 447 2723 solum
471 2654 670 2723 miracula...
691 2654 860 2721 sedetiam
883 2674 1012 2722 sanctae
1030 2657 1285 2725 conversationis
1301 2660 1369 2727 eius

161 2812 165 2818 ·
250 2764 433 2851 iusignia».

317 2870 363 2936 Ex
385 2868 458 2936 data
480 2867 667 2949 litterarum,
695 2866 842 2935 videlicet
860 2868 1024 2949 «Graeci,
1053 2890 1069 2955 3
1097 2872 1221 2958 augusti
1247 2878 1331 2958 1246
1339 2898 1370 2951 ι,

249 2975 392 3062 legitime
422 2973 571 3042 concludi
599 2991 705 3062 potest
738 2995 820 3062 opus
848 2975 1017 3042 Sociorum
1055 2998 1121 3042 nou
1151 2995 1245 3045 antea
1275 2976 1371 3046 luisse

249 3084 479 3171 compositum,
507 3082 627 3148 etenim
662 3104 759 3170 quate
797 3081 927 3148 biennio
965 3083 1043 3150 illud
1078 3084 1274 3152 abscondere
1312 3108 1371 3152 vo·

249 3190 382 3258 luissent
405 3213 472 3256 non
496 3188 741 3276 intelligeretur3
765 3188 893 3256 aliunde
918 3188 957 3256 ad
982 3190 1163 3278 colligenda
1186 3191 1371 3260 testimonia

249 3294 380 3362 fratrum
412 3316 495 3384 quos
530 3296 639 3376 citant,
665 3294 795 3383 aliquod
829 3296 982 3383 temporis
1010 3296 1150 3384 spatium
1180 3295 1283 3366 fuerat
1317 3322 1371 3366 ne·

249 3403 431 3469 cessarium.
478 3400 542 3469 Sed
567 3400 660 3489 quale
688 3401 747 3468 luit
777 3423 858 3490 opus
887 3426 960 3470 cum
994 3403 1055 3470 hiis
1085 3404 1194 3499 litteris
1221 3406 1370 3473 Generali

248 3510 469 3576 transmissum
483 3507 496 3573 ?

319 3758 361 3826 (t)
381 3757 504 3811 Dicendo
526 3757 657 3827 vulgatum
676 3775 731 3810 non
758 3758 872 3811 excludo
898 3759 1029 3826 Speculum
1046 3762 1204 3832 perfectiouis
1223 3762 1295 3833 quod
1321 3762 1369 3815 Sa·

247 3847 331 3899 batiet
346 3845 439 3899 asserit
457 3847 588 3916 scriptum
603 3848 635 3899 ab
649 3862 721 3899 anno
739 3861 814 3916 1227.
853 3846 931 3900 illum
946 3863 1094 3920 sequuntur
1107 3850 1206 3920 plures,
1221 3852 1290 3904 iuter
1302 3868 1369 3921 quos

247 3932 368 3987 nonnulli
387 3931 482 3986 volunt
500 3932 554 3987 hoc
573 3949 642 4004 opus
654 3932 684 3987 fr.
702 3933 802 3987 Leonis
816 3937 850 3987 ita
870 3936 978 3989 animos
993 3935 1116 4001 fratrum,
1130 3938 1229 3992 eodem
1249 3955 1322 3992 anuo
1341 3939 1369 3992 in

247 4020 376 4094 Capitulo
389 4035 629 4092 congregatorum,
645 4023 839 4087 commovisse,
850 4036 879 4077 ut
892 4024 953 4077 loco
965 4024 1070 4091 Heliae,
1086 4025 1175 4080 vicarii
1191 4028 1276 4081 sancti
1287 4026 1369 4082 Frau-

246 4111 319 4176 cisci,
343 4110 475 4181 elegerint
501 4111 529 4163 in
552 4111 708 4182 generalem
737 4112 891 4166 Ministrum
920 4113 1051 4167 loannem
1077 4114 1229 4170 Parentem.
1268 4117 1369 4171 Secum

247 4200 327 4265 igitur
346 4210 499 4269 pugnarent
518 4200 633 4255 dicendo
652 4201 783 4272 Speculum
803 4202 895 4272 paucis
918 4199 999 4256 luisse
1016 4204 1168 4272 cognitum,
1187 4222 1270 4275 quum
1289 4222 1369 4259 causa

246 4287 325 4342 fuerit
344 4286 504 4341 exclusionis
521 4287 614 4342 Heliae
633 4305 648 4341 a
669 4290 766 4342 maiori
786 4302 862 4360 parte
880 4288 992 4343 fratrum
1008 4291 1052 4362 qui
1066 4307 1251 4347 couvenerant
1267 4294 1300 4347 ad
1315 4295 1369 4349 Ca·

247 4376 373 4449 pitulum.
