3142 4875
620 344 899 394 PROLEGOMENA
1229 346 1321 397 XXIII

193 567 350 635 brabatnr.
368 567 402 621 (¹)
443 565 554 633 Hodie
579 567 672 632 Porta
692 566 802 634 Sancti
834 567 993 634 Francisci
1024 567 1182 636 destructa
1207 588 1254 636 est
1289 590 1321 637 et

193 676 311 743 festum
335 697 403 741 non
427 672 566 761 amplius
590 673 714 754 colitur,
738 673 795 739 sed
820 674 1012 741 memoriam
1040 675 1236 743 celeberrimi
1262 677 1319 745 filii

192 781 306 871 oppidi
329 781 520 850 Celanensis
543 781 654 846 vivam
677 798 783 847 servat
800 779 889 849 ,illius
914 780 1035 870 effigies
1056 782 1179 872 depicta
1199 785 1231 851 in
1248 786 1320 852 aula

194 889 310 955 maiori
334 886 463 954 aedium
488 885 745 974 municipalium.

262 995 397 1062 Cultum
420 995 551 1082 insuper
575 994 674 1061 Beato
699 994 851 1061 Thomae
876 1017 989 1062 eorum
1014 1014 1160 1085 tempore
1186 999 1318 1086 praesti·

193 1120 265 1169 tum
288 1119 443 1168 testantur
463 1101 541 1167 varii
565 1101 749 1189 scriptores,
764 1124 846 1190 quos
870 1102 952 1168 inter
977 1102 1179 1192 Rodulpbius
1205 1105 1319 1172 Tossi-

195 1209 358 1277 trianensis
371 1207 493 1298 (1586)
510 1208 563 1296 qui
581 1208 691 1275 locum
714 1235 729 1270 a
743 1208 955 1276 Taliacozzia
975 1212 1147 1277 nominans
1164 1211 1318 1280 adnectit:

196 1343 216 1381 c
230 1316 355 1383 Ibidem
374 1315 486 1381 visitur
502 1337 596 1403 capsa
620 1317 706 1383 Beati
732 1315 884 1382 Thomae
904 1315 943 1382 de
964 1316 1087 1385 Celano
1100 1345 1116 1382 r>
1130 1342 1139 1399 ;
1155 1319 1189 1370 (²)
1213 1319 1318 1387 Phoe·

196 1423 311 1490 bonius
331 1425 383 1510 qui
408 1444 474 1488 non
500 1422 608 1489 solum
632 1423 721 1488 Beati
744 1422 840 1489 titulo
860 1446 937 1490 eum
961 1424 1091 1492 decorat
1118 1426 1151 1492 in
1174 1426 1317 1494 Historia

196 1531 392 1610 Marsorum,
414 1529 471 1597 sed
494 1528 578 1595 illius
602 1529 701 1596 vitam
724 1528 824 1597 edidit
847 1552 921 1596 cum
954 1532 1040 1598 Actis
1078 1532 1213 1599 aliorum
1245 1558 1318 1601 san-

195 1657 323 1704 ctorum
351 1634 506 1701 dioecesis
535 1634 806 1716 Marsicanae3l³l
843 1635 1049 1724 Corsignani,
1083 1637 1137 1725 qui
1164 1640 1196 1703 in
1224 1641 1318 1706 variis

193 1742 345 1830 operibus
361 1765 489 1830 semper
508 1763 584 1808 eum
610 1742 744 1808 Beatum
770 1743 919 1809 nominat
939 1762 971 1809 et
991 1765 1185 1812 concursum
1209 1746 1317 1833 populi

194 1849 235 1916 ad
259 1851 327 1916 eius
343 1848 490 1937 reliquias
508 1867 679 1926 memorat,
694 1848 729 1902 (⁴)
752 1851 807 1937 qui
824 1869 893 1916 acta
913 1851 1025 1918 «illius
1040 1875 1096 1939 per
1114 1850 1318 1918 doctissimos

195 1955 393 2025 Bollandiani
418 1955 523 2043 operis
551 1956 790 2023 continuatores
826 1957 1008 2023 illustranda
1019 1986 1049 2021 »ι
1065 1956 1257 2040 confidebat,
1287 1979 1318 2027 et

193 2061 339 2129 adhunc
362 2059 460 2128 finem
481 2084 562 2151 quae
587 2061 735 2151 colligere
759 2081 906 2151 potuerat
929 2064 975 2130 eis
998 2064 1226 2130 transmiserat.
1239 2064 1273 2117 (ἲ)

261 2169 340 2236 Sola
364 2170 551 2258 praesentia,
568 2168 626 2235 sub
644 2191 694 2235 ara
712 2170 826 2236 maiori
851 2169 1003 2237 ecclesiae
1020 2171 1129 2237 Sancti
1147 2171 1317 2251 Francisci,

195 2300 294 2345 urnae
317 2278 351 2343 in
371 2298 433 2364 qua
457 2297 529 2342 ossa
554 2275 636 2342 beari
654 2276 806 2342 Thomae
824 2295 1033 2364 reponuntur,
1050 2299 1219 2365 annuaque
1234 2276 1317 2344 eius·

194 2384 270 2453 dem
287 2385 456 2473 expositio,
473 2402 628 2451 testantur
648 2383 735 2452 hunc
760 2384 892 2460 cultum,
909 2386 947 2454 ab
968 2384 1215 2453 immemorabili
1232 2408 1318 2475 prae·

195 2493 308 2559 stitum
343 2511 373 2559 et
405 2514 584 2580 numquam
619 2493 845 2580 interruptum,
884 2493 981 2561 hodie
1014 2517 1215 2581 perseverare
1244 2496 1317 2562 licet

197 2598 355 2665 Ecclesiae
380 2599 546 2668 Romanae
571 2596 724 2665 iudicium
749 2598 899 2666 nondum
923 2602 1138 2668 intervenerit.

263 2705 354 2770 Faxit
378 2706 469 2771 Deus
495 2724 529 2771 ut
552 2705 661 2773 titulus
684 2704 773 2772 Beati
797 2728 863 2793 quo
887 2707 1057 2794 insignitur
1073 2708 1203 2796 Scriptor
1221 2706 1318 2774 Claro·

194 2812 332 2877 nicarum
347 2823 374 2877 el
384 2813 551 2899 sequentiae
574 2825 758 2879 mortuorum
775 2836 793 2878 a
808 2835 961 2900 supremo
976 2815 1010 2882 in
1027 2814 1087 2882 hiis
1103 2814 1196 2881 rebus
1212 2814 1316 2881 iudice

196 2916 417 2985 confirmetur!

266 3090 309 3155 (r)
324 3087 509 3142 «celebratur
524 3089 644 3149 eiusdem
658 3089 788 3143 lestivitas
800 3091 897 3145 Celani
910 3091 1030 3161 quolibet
1045 3107 1116 3144 anno
1128 3093 1246 3144 secunda
1261 3091 1317 3144 Do·

197 3178 296 3229 mInica
308 3176 427 3230 octobris
437 3199 461 3243 s,
472 3179 664 3243 consacratur,
674 3178 714 3233 Dc
728 3181 795 3233 Viris
805 3180 943 3234 illustribus
954 3180 1109 3246 Marsorum,
1117 3180 1227 3243 Rornae,
1241 3197 1316 3250 1712.

195 3265 227 3319 ln
242 3266 295 3319 boc
313 3266 393 3319 fidem
410 3279 544 3338 praestare
561 3284 705 3338 possumus
722 3269 847 3340 scriptori
864 3271 908 3341 qui
925 3270 1021 3324 Celani
1037 3283 1126 3324 ortum
1142 3272 1245 3327 habuit.

266 3357 307 3423 (2)
326 3356 503 3409 Historiarum
516 3356 659 3428 seraphicus
673 3358 802 3429 religionis
818 3359 879 3412 libri
894 3366 950 3423 ires,
964 3359 1093 3424 Veneriis,
1110 3359 1184 3427 1586,
1198 3359 1244 3415 fol.
1257 3375 1315 3428 ²77·

266 3445 306 3511 (3)
331 3443 388 3497 Vita
405 3444 432 3497 di
451 3444 477 3498 S.
493 3444 647 3498 Berardo...
668 3445 768 3511 Roma,
792 3446 865 3516 1673.

266 3531 309 3601 (4)
330 3551 345 3580 a
413 3531 495 3585 Onde
514 3535 528 3585 'e
549 3532 600 3586 che
619 3533 691 3588 dove
710 3534 728 3586 il
748 3551 800 3588 suo
814 3552 891 3589 sacro
905 3552 989 3607 corpo
1003 3537 1093 3607 riposa
1107 3537 1160 3590 vie
1176 3535 1317 3607 frequente

195 3637 330 3675 concorso
342 3642 368 3684 ss,
388 3622 480 3693 chgia
496 3623 654 3689 Marsirana,
673 3638 691 3678 t.
712 3625 747 3689 ll,
767 3643 792 3697 p.
814 3639 872 3693 170.

266 3710 308 3779 (5)
329 3710 402 3776 Ibid,
421 3729 445 3782 p.
465 3727 527 3780 171:
549 3712 622 3765 alla
638 3729 692 3766 con
707 3712 792 3768 nrolte
807 3714 882 3767 ansie
897 3715 919 3767 si
938 3727 1041 3786 aspecta
1061 3715 1085 3769 la
1104 3716 1156 3767 ben
1176 3714 1314 3787 compiuta

195 3796 255 3851 Vita
271 3799 315 3851 del
328 3813 423 3853 nostro
439 3800 534 3865 Beato,
547 3800 593 3854 nel
606 3817 680 3855 mese
694 3802 720 3853 di
733 3803 848 3865 ottobre,
862 3801 932 3855 nella
946 3804 1090 3872 grandiora
1110 3820 1192 3873 opera
1210 3803 1315 3856 Bollan-

192 3886 283 3951 diana‚
301 3904 350 3958 per
368 3905 431 3942 aver
449 3891 496 3943 noi
514 3906 583 3943 anco
602 3891 664 3943 anni
684 3906 754 3944 sono
780 3894 953 3944 comunicate
975 3892 1050 3944 varie
1070 3909 1132 3945 cose
1152 3892 1207 3961 agli
1226 3891 1314 3944 inlati-

193 3976 274 4029 cabili
293 3976 370 4030 Padri
383 3998 407 4032 o.
422 4007 457 4017 —
472 3976 624 4049 «Denique
644 3979 677 4032 acl
693 3995 819 4032 mensem
839 3981 957 4034 octobris
976 3986 1045 4035 Acta
1065 3981 1140 4034 Beati
1154 3980 1283 4034 Thomae
1299 3998 1314 4033 a

194 4063 301 4120 Celano
311 4065 464 4133 Minotitae,
477 4069 552 4121 cuius
566 4085 675 4122 sacrum
690 4085 786 4139 corpus
803 4071 830 4121 iu
844 4070 959 4123 ecclesia
973 4085 1079 4139 patrum
1093 4070 1314 4123 conventualium

195 4153 222 4206 S.
242 4154 380 4209 francisci
401 4156 493 4227 oppidi
513 4156 665 4211 Taleacotii
684 4157 839 4211 Marsorum
856 4158 962 4229 publica
978 4160 1262 4213 venerationemultis
1281 4161 1313 4213 ab

193 4242 257 4297 hinc
276 4244 393 4298 saeculis
412 4246 550 4301 colitur...
569 4247 742 4301 doctissimos
766 4247 938 4300 bollandiani
957 4249 1045 4319 operis
1067 4252 1267 4303 continuatores
1286 4250 1315 4303 il·

193 4331 329 4385 lustranda
355 4332 555 4400 confidimus»,
579 4338 645 4391 Acta
665 4335 709 4391 55.
726 4337 794 4391 llll.
812 4335 947 4407 Sintpllcr‘r',
970 4337 1111 4391 Constantii
1129 4346 1152 4390 ei
1175 4338 1315 4391 Victorionr'

195 4438 301 4490 quorum
320 4423 440 4494 relt'quiuo
459 4422 588 4480 Celarti...
613 4426 736 4490 colamur,
759 4425 875 4489 Romae,
898 4440 974 4495 1750,
993 4444 1019 4496 p.
1039 4439 1099 4495 249.
1140 4425 1313 4479 Documenta

192 4526 263 4580 quae
282 4511 465 4567 transmiserat
483 4530 537 4567 non
557 4514 674 4585 amplius
694 4515 868 4567 Inveniuntur
885 4515 912 4567 in
933 4516 1049 4570 archivis
1069 4515 1261 4569 BollandianIs.
