3142 4875
602 353 880 432 PROLEGOMENA
1212 353 1303 403 Lxxl

170 576 210 642 ad
236 575 464 644 solemnitates
498 574 732 663 praeparandas
755 575 910 654 instituta,
925 575 960 628 (¹)
998 575 1184 643 Canonicus
1219 576 1302 642 Leo·

172 682 287 769 poldus
324 681 485 749 Amoni
522 683 707 749 versionem
737 681 877 748 italicam
909 680 1080 769 Legendae
1105 683 1119 749 Ι
1142 681 1242 749 edidit
1271 700 1303 748 et

173 788 306 856 insimul
328 788 509 856 editionem
532 806 711 876 separatam
736 788 830 855 huius
854 788 1011 855 versionis
1035 810 1110 855 cum
1138 806 1228 855 textu
1259 787 1302 854 la-

174 898 243 962 tino
267 918 306 962 ex
327 894 465 962 adverso
491 893 598 961 dedit:
615 895 663 961 Lo
682 895 753 961 Vita
771 897 876 982 primo
894 894 926 961 di
944 894 973 961 S.
996 893 1159 961 Fronccsco
1175 894 1305 962 d'Assisi

174 1005 278 1069 scritto
300 1002 352 1068 dal
370 1002 466 1069 Beato
496 1000 654 1068 Tomniaso
670 1000 711 1068 da
729 1001 853 1081 Colono,
871 1001 1082 1087 volgarirroto·
1089 1014 1144 1088 per
1158 1001 1189 1068 la
1200 1003 1304 1089 primo

176 1108 261 1174 oolla
283 1107 336 1174 dol
356 1107 460 1175 Corico
476 1106 521 1173 D.
537 1106 684 1196 Leopoldo
700 1108 825 1188 Antoni,
849 1107 960 1185 Assisi,
984 1109 1079 1193 1879,
1098 1106 1174 1194 Tip.
1200 1106 1303 1186 Sensi,

178 1215 282 1295 ira-8⁰,
298 1237 352 1302 pp.
373 1235 449 1301 271.
498 1212 549 1280 Ad
565 1213 647 1280 hanc
664 1212 842 1280 editionem
862 1215 956 1280 unice
972 1234 1049 1280 usus
1065 1232 1114 1280 est
1129 1213 1181 1280 illa
1198 1214 1234 1279 P.
1252 1212 1302 1283 Ri-

178 1321 275 1401 naldi,
289 1343 388 1410 quam
413 1339 462 1387 sat
484 1318 621 1388 fideliter
643 1320 800 1408 sequitur,
813 1318 870 1386 sed
890 1319 1026 1387 mendae
1043 1320 1304 1408 typographicae,

178 1426 293 1514 quibus
317 1426 504 1513 deturpatur
526 1425 588 1492 boc
613 1447 706 1513 opus,
722 1426 891 1491 minimam
918 1447 1027 1492 curam
1047 1428 1078 1492 in
1104 1428 1303 1493 correctione

178 1534 414 1612 demonstrant,
449 1530 538 1620 quod
574 1532 670 1599 etiarn
707 1531 881 1599 dicendum
917 1551 963 1598 est
988 1530 1027 1598 de
1064 1531 1130 1598 aliis
1155 1532 1303 1621 operibus

181 1640 341 1707 Canonici
364 1639 499 1708 Amoni.
843 1649 846 1654 ‘

246 1749 344 1813 Anno
372 1747 520 1833 sequenti
556 1743 718 1833 duplicem
753 1744 887 1811 huiusce
923 1742 1095 1831 legendae
1126 1743 1303 1812 editionem

181 1858 306 1925 Romae
319 1856 403 1943 typis
417 1853 589 1934 commisit,
604 1875 667 1920 una
677 1874 758 1941 quae
767 1852 874 1918 solum
884 1869 1008 1918 textum
1020 1851 1155 1919 latinum
1164 1851 1305 1935 exhibet,

178 1964 238 2030 alia
272 1986 346 2029 cum
377 1961 527 2027 versione
558 1958 678 2027 italica:
710 1960 780 2026 Viro
802 1962 904 2046 primo
938 1959 968 2026 S.
999 1958 1163 2041 francisci,
1187 1973 1304 2027 arctiore
1363 2027 1367 2034 ,

178 2072 215 2137 Β.
241 2069 359 2135 Thomu
392 2068 428 2133 da
454 2066 576 2148 Colono,
610 2068 726 2148 Roma,
757 2065 948 2154 Tipografia
982 2065 1063 2133 della
1087 2068 1183 2150 Pace,
1209 2069 1303 2149 1880,

179 2177 269 2256 ln-8,
294 2198 347 2263 pp.
371 2194 426 2260 42.
475 2173 546 2239 Viro
571 2174 671 2260 primo
690 2172 721 2238 di
743 2172 773 2239 S.
799 2172 962 2240 Fronccsco
976 2223 983 2239 .
999 2225 1028 2239 ..
1054 2174 1159 2240 Primo
1177 2173 1304 2258 edizione

180 2304 310 2349 romano
328 2303 382 2348 con
401 2293 470 2346 testo
491 2279 583 2346 lorino
599 2281 630 2345 ira
642 2280 756 2369 fronte,
776 2277 857 2346 Ibid.
878 2303 930 2367 pp.
952 2301 969 2345 2
975 2301 1026 2366 37.
1075 2280 1112 2346 In
1136 2280 1196 2348 hac
1220 2302 1304 2347 nova

179 2388 323 2457 editione
341 2386 545 2457 Rinaldinam
561 2388 676 2475 pariter
694 2386 849 2475 sequitur,
865 2386 979 2455 additis
1000 2389 1031 2454 in
1049 2385 1112 2455 fine
1132 2386 1202 2478 (pp.
1223 2408 1305 2472 227-

180 2495 265 2585 229)
289 2496 397 2583 paucis
418 2494 458 2562 de
478 2493 585 2561 multis
611 2493 804 2560 variantibus
823 2496 907 2561 inter
925 2494 1010 2563 hunc
1026 2514 1150 2562 textum
1168 2514 1199 2563 et
1213 2495 1304 2562 illum

140 2620 145 2629 ·
177 2625 280 2691 quem
304 2600 469 2668 ediderant
493 2597 701 2668 Bollandiana
726 2603 807 2668 Acta
831 2602 1036 2669 Sanctorum.

248 2707 374 2776 Eodem
400 2730 486 2775 auno
509 2707 617 2795 praelo
634 2706 746 2774 itidem
762 2709 896 2776 subiecit
913 2708 1099 2797 Legendam
1117 2708 1304 2788 secundam,

178 2818 211 2882 in
232 2814 351 2901 duplici
367 2814 527 2881 editione:
547 2815 576 2879 V
575 2817 617 2881 ira
633 2815 759 2881 secunda
774 2815 804 2881 S.
826 2815 979 2882 francisci
999 2817 1170 2883 Arsisicnris
1188 2828 1305 2883 auctora

180 2924 218 2989 B.
248 2922 368 2989 Thoana
385 2922 420 2989 dc
442 2920 554 2989 Colono
573 2922 635 2988 aius
650 2921 803 3010 discipulo,
824 2922 931 3000 in—8⁰,
945 2947 996 3011 pp.
1021 2944 1093 3009 15²·
1108 2963 1153 2973 —
1169 2924 1215 2989 Lu
1235 2924 1264 2987 V
1263 2924 1305 2989 ito

178 3029 305 3096 secondo
328 3051 437 3096 ovacra
454 3028 622 3117 Appendirc
643 3028 709 3095 olla
727 3029 799 3096 Viro
817 3032 920 3117 primo
939 3030 970 3096 di
989 3029 1018 3096 S.
1036 3029 1198 3096 Froncesco
1217 3029 1307 3095 d'As·

179 3139 232 3203 sisi
243 3136 291 3202 dal
306 3136 342 3202 Β.
362 3135 521 3203 Tommoro
532 3135 572 3202 do
586 3133 709 3216 Colono,
721 3135 931 3224 oolgoriraoto
945 3150 1000 3224 par
1014 3136 1044 3202 lo
1054 3139 1155 3225 primo
1167 3137 1250 3203 volta
1262 3189 1267 3201 .
1277 3185 1304 3203 ..

183 3246 287 3311 Primo
306 3244 434 3327 edizione
453 3265 580 3310 romono
598 3242 643 3310 col
662 3256 731 3311 tarto
751 3243 844 3310 latino
865 3246 896 3310 in
909 3245 1021 3335 j'ronrc,
1040 3244 1143 3322 in-80,
1163 3267 1214 3330 pp.
1230 3265 1267 3329 33
1274 3265 1304 3327 5.

183 3352 222 3416 ln
245 3350 307 3417 hac
331 3350 472 3416 editione
492 3371 558 3415 non
578 3348 764 3436 simpliciter·
776 3370 931 3437 sequutus
948 3368 996 3416 est
1015 3371 1095 3436 opus
1112 3351 1149 3418 R.
1165 3348 1304 3430 Rinaldi,

181 3479 259 3523 nam
283 3454 362 3523 dum
385 3457 420 3523 in
444 3476 495 3535 e0,
518 3455 600 3521 sicut
624 3474 656 3522 et
683 3456 717 3523 in
744 3453 856 3522 codice
879 3455 1059 3533 Assisiensi,
1082 3453 1224 3522 rubricae
1248 3478 1305 3521 seu

182 3563 267 3630 tituli
291 3562 504 3650 capitulorum
536 3562 629 3629 initio
653 3561 821 3645 habentur,
846 3564 967 3628 Amoni
997 3563 1131 3650 singulis
1162 3561 1306 3649 capitulis

183 3669 314 3736 titulum
335 3669 500 3757 proprium
519 3666 600 3749 fixit,
619 3687 661 3748 et,
680 3669 768 3757 quod
784 3693 882 3758 grave
898 3690 956 3749 est,
974 3692 1094 3735 novam
1110 3668 1305 3735 divisionem

182 3776 311 3865 proprio
335 3794 436 3843 marte
459 3778 491 3842 in
515 3774 598 3843 hanc
622 3775 793 3864 legendam
820 3776 1006 3843 introduxit.
1065 3776 1192 3864 Duplici
1216 3778 1305 3843 enim

182 3902 270 3972 parte
294 3900 421 3951 constat
454 3904 534 3971 opus
570 3883 757 3965 Celanense,
782 3906 920 3972 quarum
955 3883 1130 3951 secundam
1161 3881 1305 3949 dividens

181 3990 309 4058 tertiam
332 3991 461 4069 creavit,
484 4013 552 4059 non
588 4012 700 4058 curans
725 3991 922 4058 divisionem
947 3990 985 4055 ab
1016 3991 1087 4078 ipso
1116 3990 1248 4055 Thoma
1271 3990 1305 4057 in

181 4097 326 4185 Prologo
345 4096 528 4165 iudicatam.

251 4260 294 4326 (1)
311 4258 335 4311 ll
360 4257 410 4311 Vll
427 4257 575 4313 Centenario
596 4258 661 4312 dello
679 4262 773 4313 noscito
793 4259 819 4311 di
840 4259 865 4313 S.
888 4259 1027 4312 Frouceaco
1047 4257 1073 4309 di
1092 4258 1179 4310 Araiai.
1218 4258 1306 4309 Perio-

182 4348 244 4402 dico
263 4346 423 4417 pubblicato
443 4364 489 4417 per
513 4365 575 4402 cura
595 4348 640 4403 dcl
666 4347 805 4402 Comitato
825 4362 991 4419 promotore.
1045 4347 1140 4410 Assisi,
1163 4345 1305 4415 tipogtafia

183 4435 270 4503 Sensi,
294 4436 364 4505 1879
383 4445 409 4488 et
427 4451 462 4489 ss.
