3142 4875
255 281 330 369 316
631 302 804 349 euoenon
832 300 998 350 securior

250 554 336 614 tres,
367 536 429 620 ait,
462 534 544 618 mei,
576 535 638 631 qui
668 533 845 606 scientiae
874 533 1087 607 curiositate
1116 535 1312 618 ducuntur,
1335 533 1374 607 in

251 643 312 715 die
346 641 598 714 retributionis
636 666 767 714 manus
796 639 986 713 invenient
1014 666 1160 713 vacuas.
1224 639 1374 713 Vellem

250 775 317 821 eos
345 749 467 847 magis
495 748 660 821 roborari
691 747 898 832 virtutibus,
927 763 977 831 ut,
1001 773 1083 820 cum
1114 765 1284 845 tempora
1312 749 1374 820 tri-

251 855 450 929 bulationis
469 855 651 938 venirent,
674 880 801 927 secum
822 854 1004 927 haberent
1031 852 1067 925 in
1097 853 1271 951 angustia
1290 855 1375 926 Do-

251 963 402 1035 minum.
460 963 557 1036 Nam
586 980 625 1035 et
644 978 801 1034 ventura
829 979 896 1044 est,
919 960 1047 1057 inquit,
1070 962 1267 1045 tribulatio,
1296 986 1373 1058 qua
1404 991 1425 1055 5

251 1069 331 1142 libri
360 1071 409 1142 ad
438 1068 591 1142 nihilum
621 1067 729 1141 utiles
750 1068 785 1139 in
807 1067 978 1141 fenestris
997 1067 1236 1165 proiiciantur
1264 1084 1303 1140 et
1321 1068 1372 1142 la-

250 1176 375 1249 tebris.
433 1177 519 1250 Non
548 1176 619 1248 hoc
639 1175 788 1248 dicebat
815 1175 915 1271 quod
937 1174 1151 1272 Scripturae
1177 1175 1299 1247 studia
1318 1175 1372 1246 di·

250 1283 460 1379 splicerent,
478 1282 545 1356 sed
560 1307 635 1378 quo
650 1307 673 1355 a
688 1281 876 1379 superflua
890 1307 979 1355 cura
993 1282 1160 1355 discendi
1177 1283 1372 1355 universos

251 1391 467 1475 retraheret,
489 1405 526 1462 et
546 1414 715 1485 quosque
746 1390 867 1486 magis
896 1389 1074 1462 charitate
1103 1391 1233 1472 bonos,
1256 1414 1370 1486 quam

250 1497 463 1569 curiositate
483 1494 617 1568 sciolos
637 1521 720 1569 esse
739 1495 862 1568 vellet.
921 1496 1243 1568 Praeodorabatur
1257 1497 1370 1568 etiam
1405 1525 1448 1572 10

249 1621 420 1699 tempora
449 1628 522 1675 non
551 1604 667 1701 longe
695 1620 863 1685 ventura,
896 1603 931 1674 in
969 1601 1104 1698 quibus
1133 1604 1369 1676 occasionem

248 1710 375 1782 ruinae
392 1712 470 1782 fore
490 1707 683 1782 scientiam
698 1710 821 1794 sciret,
839 1708 990 1807 spiritus
1010 1735 1099 1781 vero
1114 1710 1368 1782 fulcimentum

247 1817 498 1912 spiritualibus
526 1815 743 1894 intendisse.
800 1815 920 1889 Fratri
948 1815 1043 1889 laico
1069 1815 1209 1888 volenti
1230 1817 1369 1888 habere

247 1925 473 2020 psalterium,
505 1938 543 1995 et
570 1924 618 1997 ab
653 1949 701 1996 eo
738 1922 925 1996 licentiam
961 1922 1174 2020 postulanti,
1205 1924 1369 1995 cinerem

247 2056 315 2126 pro
344 2030 519 2128 psalterio
556 2030 700 2103 obtulit.
759 2030 973 2123 Quemdam
1010 2030 1196 2103 sociorum
1225 2028 1369 2127 praedi·
1404 2058 1444 2127 15

247 2138 456 2210 cationibus
493 2137 695 2234 aliquando
725 2138 991 2218 intendentem,
1024 2154 1110 2234 post
1139 2155 1295 2208 mortem
1330 2136 1367 2207 in

246 2244 388 2317 visione
416 2270 613 2342 apparens,
645 2243 843 2340 prohibuit,
874 2245 1085 2340 viam[que]
1122 2243 1369 2340 simplicitatis

249 2352 421 2424 incedere
451 2350 566 2426 iussit.
624 2351 751 2424 Testis
779 2349 848 2422 sibi
877 2368 933 2423 est
963 2351 1080 2434 Deus,
1111 2367 1252 2422 tantam
1282 2366 1368 2446 post

246 2459 427 2531 visionem
443 2460 538 2532 hanc
553 2460 715 2532 sensisse
730 2457 977 2541 dulcedinem,
1000 2476 1039 2530 ut
1055 2458 1220 2556 pluribus
1235 2459 1368 2530 diebus

246 2566 429 2637 rorificum
446 2568 561 2663 patris
577 2565 779 2663 alloquium
796 2567 872 2638 suis
887 2565 1076 2639 videretur
1090 2565 1243 2637 auribus
1263 2590 1367 2660 prae·
1397 2595 1443 2641 20

246 2673 450 2745 sentialiter
478 2672 693 2769 instillar[i].

671 2835 934 2843 ...Ἠ-

303 2989 370 3060 De
407 2988 709 3086 specialibus
745 2989 1099 3063 devotionibus
1135 2990 1309 3063 sancti.

301 3174 374 3272 [De
410 3176 631 3270 specialibus
667 3177 920 3250 devotionibus
957 3180 1037 3249 eius
1073 3188 1107 3250 et
1147 3179 1315 3273 qualiter

358 3282 590 3376 afficiebatur
614 3285 668 3356 ad
691 3310 852 3355 cantorem
881 3284 986 3382 Dez'J.
1046 3284 1248 3356 CXLVlll.

331 3499 413 3585 196.
445 3493 635 3590 Speciales
663 3494 884 3569 devotiones
912 3498 1029 3569 sancti
1063 3499 1252 3571 Francisci
1281 3500 1365 3571 bre·
1395 3537 1438 3604 25

244 3601 351 3673 vibus
380 3600 614 3696 pertransire,
648 3603 814 3674 fortassis
843 3628 911 3676 nec
932 3603 1059 3677 inutile
1080 3631 1148 3677 nec
1170 3606 1365 3703 indignum

244 3707 322 3779 erit.
382 3708 478 3780 Cum
507 3707 606 3781 enim
636 3709 692 3781 vir
720 3710 790 3781 iste
818 3711 977 3783 devotus
997 3729 1096 3785 esset
1116 3713 1152 3783 in
1179 3712 1362 3797 omnibus,

244 3832 372 3910 utpote
394 3815 457 3912 qui
478 3816 668 3888 fruebatur
683 3816 843 3912 Spiritus
863 3818 1049 3903 unctione,
1067 3817 1217 3916 speciali
1238 3837 1364 3892 tamen

243 3921 375 3993 affectu
406 3924 627 3996 movebatur
664 3922 762 3995 circa
796 3923 970 4019 specialia
999 3926 1196 4021 quaedam.
1266 3929 1365 4000 lnter

242 4027 312 4100 alia
340 4029 464 4111 verba,
497 4055 654 4125 quorum
677 4056 765 4103 usus
785 4046 885 4103 esset
905 4031 940 4103 in
962 4033 1150 4105 communi
1178 4059 1360 4116 sermone,
1394 4070 1436 4136 30

316 4278 340 4329 7.
361 4264 390 4314 ,ll
408 4262 475 4315 haec
552 4280 590 4332 17.
611 4266 635 4317 A
655 4283 704 4318 om.
725 4283 775 4336 que
847 4281 890 4319 21.
910 4270 932 4320 A
944 4268 1073 4320 instillare
1138 4284 1179 4323 22.
1191 4268 1362 4324 ,trombe-

247 4341 327 4391 sineri
402 4340 443 4395 26.
464 4342 496 4393 Μ
514 4343 578 4397 utile
654 4360 693 4416 30.
716 4347 735 4400 lt
755 4364 804 4400 orn.
823 4358 893 4399 esset
