3142 4875
251 317 392 368 LXXVIII
673 316 953 368 PROLEGOMENA

318 536 447 606 Omnes
458 538 531 605 illos
543 538 670 606 codices
682 540 745 605 iam
759 555 927 606 notaverat
938 535 1161 626 praelaudatus
1171 539 1208 605 P.
1220 539 1294 606 Van
1309 537 1376 605 Or·

249 665 321 733 troy
336 645 449 735 (Anat.
468 645 610 713 nonant.
624 664 646 713 t.
661 647 755 727 XIX,
771 669 801 734 p.
824 645 901 735 137)
916 664 947 714 et
962 646 1007 712 eis
1021 663 1114 712 utens
1130 646 1166 711 P.
1185 644 1375 712 Leouardus

250 753 425 820 Lemmens
445 752 528 820 hanc
551 752 723 842 legendam
746 751 887 820 ediderat
897 754 931 807 (¹)
949 752 1070 820 addens
1094 752 1191 819 etiam
1211 753 1374 819 variantes

251 884 291 926 ex
311 859 422 928 codice
442 860 635 928 Corsiniano
658 865 734 947 776.
781 860 877 928 Hanc
900 859 1077 928 editionem
1102 877 1212 928 tamen
1236 877 1376 948 praetet-

251 966 323 1034 misi
343 967 376 1033 in
393 967 489 1047 notis,
505 968 579 1056 quia
596 967 741 1035 codicem
762 967 956 1037 Chisianum
984 989 1052 1033 non
1071 966 1262 1054 inspexerat,
1282 967 1376 1033 cuius

252 1074 459 1142 Corsinianus
478 1074 571 1142 valde
586 1074 738 1143 deficiens
754 1094 802 1143 est
819 1075 1054 1163 apographum.

718 1273 911 1333 Sequemur.

339 1411 544 1502 Waddingus
563 1411 740 1502 (Scriptores
752 1411 831 1481 ord.
851 1413 1020 1491 Minotom,
1038 1412 1175 1490 Romae,
1197 1409 1309 1500 1650),
1319 1410 1375 1476 ubi

250 1518 289 1586 de
305 1517 327 1586 f.
345 1519 477 1586 Thomu
491 1542 508 1584 a
521 1519 655 1602 Celan0,
669 1520 727 1606 ipsi
739 1518 848 1586 tribuit
861 1518 940 1585 duas
956 1518 1148 1607 Sequentias
1163 1517 1196 1584 in
1213 1517 1376 1584 honorem

249 1625 284 1691 S.
304 1625 475 1704 Francisci,
492 1648 629 1714 quarum
647 1626 750 1714 prima
773 1625 883 1714 incipit
905 1625 1046 1713 «Fregit
1063 1625 1167 1691 victor
1185 1624 1375 1705 virtualis»,

250 1731 391 1800 secunda
412 1733 620 1801 tSanctitatis
637 1757 722 1801 nova
738 1736 831 1822 signa
844 1759 874 1800 ».
923 1734 1012 1800 Haec
1032 1732 1173 1800 secunda
1204 1755 1332 1821 semper
1357 1757 1376 1799 a

251 1839 410 1908 Fratribus
435 1840 616 1907 Minoribus
639 1842 786 1908 recitatur
809 1841 843 1908 in
870 1840 967 1906 Missa
986 1841 1020 1907 S.
1039 1839 1210 1921 francisci,
1227 1858 1258 1907 et
1276 1840 1376 1928 igitur

251 1946 384 2015 habetur
402 1949 435 2015 in
462 1948 583 2015 Missali
604 1947 964 2036 Romano-Seraphim,
989 1950 1079 2015 cuius
1095 1965 1224 2015 textum
1244 1969 1375 2035 sequor,

251 2053 394 2122 adductis
418 2055 612 2123 variantibus
631 2078 713 2145 quae
733 2055 885 2145 praebent
908 2058 986 2123 Acta
1002 2056 1189 2137 Sanctorum,
1206 2056 1240 2123 in
1256 2054 1390 2144 quibus·

250 2161 334 2229 edita
357 2159 416 2229 fuit
439 2186 478 2230 ex
503 2162 620 2251 duplici
645 2162 716 2230 cod.
741 2161 919 2229 membran.
939 2162 1110 2229 Assisiensi
1127 2161 1162 2215 (²)
1188 2178 1220 2228 et
1244 2161 1376 2228 Missale

250 2269 379 2336 Parisiis
402 2268 524 2336 editum
548 2290 635 2336 anno
664 2288 756 2353 1520.
769 2269 804 2322 (ὓ)

317 2375 526 2464 sequentiam
555 2397 632 2443 vero
666 2375 804 2464 «Fregit
841 2375 944 2443 victor
979 2374 1151 2442 virtualis»
1182 2373 1233 2441 hic
1272 2395 1375 2462 pono,

250 2502 345 2572 prout
368 2484 484 2572 legitur
506 2484 590 2571 apud
615 2483 824 2552 Adalbertum
849 2483 976 2583 Daniel,
1004 2484 1176 2551 Thesaurus
1206 2482 1376 2573 Hymuolo·

245 2592 340 2680 girus,
362 2610 442 2659 tom.
467 2592 508 2670 V,
533 2591 671 2679 Lipsiae,
697 2593 794 2678 1856,
816 2615 847 2679 p.
873 2613 948 2677 319,
973 2615 1005 2658 n,
1031 2592 1155 2677 631,tt>

691 2892 845 2961 CAPUT
868 2892 928 2959 VI.

371 3055 424 3121 DE
448 3054 627 3120 Menflono
653 3074 686 3119 IN
710 3074 890 3122 PRAESENTI
915 3072 1076 3119 EDITIONE
1101 3072 1260 3119 SERVATA.

317 3267 370 3332 Le
379 3264 540 3354 gendae
564 3267 579 3332 I
604 3283 709 3333 textus
733 3266 785 3332 hic
813 3264 916 3333 editur
938 3265 1025 3332 iuxta
1051 3265 1197 3332 codicem
1223 3265 1376 3331 Barcino-

248 3396 394 3441 oensem.
442 3372 543 3438 Uncis
566 3373 726 3461 quadratis
749 3372 762 3462 [
785 3371 799 3462 ]
824 3372 998 3440 interclusa
1016 3390 1092 3440 sunt
1108 3372 1207 3439 verba
1224 3382 1306 3461 quae
1322 3372 1376 3438 vel

249 3483 283 3548 in
300 3480 361 3547 hoc
377 3477 489 3547 codice
505 3478 668 3559 deficiunt,
685 3480 736 3546 vel
751 3501 832 3567 quae
848 3478 1050 3547 immutanda
1072 3477 1202 3560 credidi,
1217 3477 1256 3546 ad
1273 3476 1373 3544 fidem

248 3587 385 3654 aliorum
411 3584 571 3666 codicum,
595 3605 626 3653 et
649 3607 776 3673 semper
799 3586 832 3652 in
855 3587 940 3653 notis
964 3584 1099 3653 verbum
1130 3604 1226 3673 prout
1257 3584 1374 3673 legitur

250 3697 284 3761 in
308 3690 450 3781 praefato
474 3691 584 3759 codice
608 3692 747 3759 recitavi.

323 3866 511 3937 (1)Excarpto
537 3866 691 3919 Celnnensio.
740 3865 810 3919 Vitae
828 3852 877 3920 ires
896 3867 920 3920 S.
940 3866 1025 3919 Putris
1047 3883 1109 3920 saec.
1129 3876 1196 3918 XIII
1218 3852 1376 3936 compositae,

251 3943 337 4008 editae
356 3972 371 4008 a
391 3954 421 4008 P.
440 3955 584 4009 Leonardo
604 3956 751 4021 Lsuueus,
770 3956 813 4008 Ad
835 3955 930 4010 Claras
950 3958 1051 4027 Aquas,
1074 3970 1149 4026 1901,
1170 3970 1215 4026 pp.
1232 3968 1332 4025 71-90.

322 4045 365 4115 (2)
385 4048 450 4100 ricto
470 4045 515 4100 SS.
539 4056 607 4100 tom.
627 4046 671 4099 cit.
691 4062 716 4115 p.
736 4046 797 4100 801.
842 4044 951 4098 Rinaldi
975 4045 1048 4098 hanc
1071 4044 1251 4116 Sequentiam
1276 4045 1375 4114 pariter

249 4132 332 4186 edidit
350 4134 423 4186 iuxta
444 4133 656 4187 Bollaudianum
676 4148 744 4203 opus
763 4134 803 4201 (p.
823 4132 896 4201 274).
916 4162 952 4173 -
971 4131 1014 4187 Cs.
1035 4132 1069 4187 U.
1090 4132 1270 4195 Curvatura,
1284 4131 1375 4203 Reper-

247 4222 342 4275 totitem
361 4223 570 4293 hymnologt‘cum,
589 4221 730 4286 Bruxellis,
752 4222 882 4292 1892-97,
903 4222 989 4277 Tom.
1010 4222 1046 4282 ΙΙ.
1066 4241 1092 4293 p.
1115 4236 1174 4289 547.

320 4313 363 4381 (3)
382 4312 462 4382 Apud
481 4312 610 4374 Kunnuu,
621 4312 773 4365 Lauinische
792 4311 978 4381 Sepuetrtndes
990 4312 1159 4377 Mitteloiters,
1181 4310 1374 4378 Mainz,1873.

321 4400 362 4469 (4)
384 4399 426 4455 Cs.
447 4400 482 4456 U.
502 4399 680 4465 Curvatura,
700 4416 744 4471 op.
765 4400 809 4454 cit.
830 4399 912 4454 Tom.
935 4399 954 4464 1,
973 4416 1000 4473 p.
1023 4415 1080 4471 393.
1135 4440 1138 4445 ⁴
