3142 4875
628 329 733 377 anari
762 329 947 378 vatrisctscl
1274 312 1340 380 161

234 440 344 447 ,...-.....-.
361 440 504 446 -.-——..-
513 441 622 446 ——--...
646 442 651 445 .
665 440 736 446 .-—-.
748 440 773 446 -..
783 440 920 446 -—-.—

230 561 278 627 De
295 560 505 626 conversione
526 560 623 647 ipsius
641 556 743 625 fratris
763 556 907 626 Silvestri
925 578 955 624 et
973 559 1097 626 visione
1111 559 1261 647 quadam.
1278 583 1347 627 vm.

296 666 393 756 (Cup.
413 666 562 755 LXXV)

227 774 278 840 De
304 773 445 861 quodam
473 773 566 840 fratte
593 773 631 840 ab
658 774 902 860 impugnatione
931 772 1098 839 daemonis
1128 773 1271 842 liberato,
1302 796 1345 843 tx.

294 881 390 971 (Cup.
411 880 576 969 LXXVI).

176 1018 195 1082 5
227 988 277 1054 De
319 1011 412 1076 porca
455 974 493 1053 ib
530 988 600 1074 ipso
638 985 805 1053 maledicta
843 1008 924 1074 quae
963 987 1169 1054 manducavit
1212 1012 1344 1075 agnum.

293 1093 389 1183 (cap.
411 1093 593 1182 travit).

473 1237 520 1302 De
531 1236 679 1325 fugienda
696 1236 910 1324 surrriliarilure
930 1237 1096 1302 mulierum.

225 1360 293 1428 Sub
317 1362 378 1427 hoc
399 1360 492 1427 titulo
517 1361 698 1427 continetur
721 1359 855 1447 qualiter
877 1378 1005 1427 sanctus
1029 1383 1103 1428 cum
1128 1363 1173 1427 eis
1194 1361 1345 1450 loqueba-

291 1488 351 1545 tur,
377 1489 560 1555 proponens
588 1489 622 1533 se
647 1465 800 1533 omnibus
824 1467 855 1532 in
880 1467 1075 1554 exemplum.
1102 1489 1112 1533 t
1135 1468 1342 1556 paragrapho,

155 1592 195 1639 ιο
292 1574 387 1664 (Cap.
408 1571 606 1661 LXXVIII).

226 1679 362 1767 Enigtna
381 1681 510 1768 ponitur
528 1699 637 1747 contra
650 1697 814 1768 aspectum
830 1678 1011 1748 mulierum.
1024 1701 1056 1746 11.
1073 1680 1168 1770 (Cup.
1181 1679 1343 1770 LXXIX).

226 1787 416 1874 Exemplum
438 1788 549 1854 sancti.
570 1787 667 1877 (Cup.
688 1785 837 1875 LXXX).

533 1931 580 1995 De
598 1930 804 1996 tentationibus
822 1932 917 1996 tancti
934 1934 1041 2018 putris.

223 2053 291 2121 Sub
306 2055 369 2121 hoc
384 2054 476 2121 titulo
492 2053 704 2146 [continetur]
721 2054 856 2142 qualiter
871 2074 999 2121 sauctus
1018 2056 1230 2121 tentationem
1251 2077 1344 2141 supe-

154 2184 193 2249 15
289 2163 380 2228 ravit.
402 2162 497 2252 (Cup.
517 2160 681 2250 LXXXI).

223 2290 247 2334 11
267 2268 475 2358 paragrapho
494 2267 594 2347 Quod
612 2267 757 2334 diabolus
776 2267 906 2334 vocavit
925 2291 999 2334 eum
1019 2284 1051 2333 et
1066 2267 1104 2334 de
1125 2267 1247 2335 luxuria
1267 2292 1342 2334 eum

290 2378 434 2456 tentavit,
443 2396 474 2444 et
486 2376 620 2464 qualiter
631 2372 752 2467 illu[m]
767 2396 896 2443 sanctus
911 2376 1080 2462 superavit.
1094 2375 1150 2466 (C.
1160 2374 1342 2466 LXXXII)

224 2506 269 2551 ιιι.
291 2484 473 2564 Quomodo
492 2483 666 2573 quemdam
692 2483 820 2551 fratrem
845 2507 861 2549 a
885 2484 1062 2551 tentatione
1086 2483 1229 2551 liberavit
1252 2503 1283 2551 et
1305 2483 1344 2551 de

291 2591 378 2657 bono
398 2592 594 2658 tentationis.
614 2591 711 2681 (Cap.
733 2590 934 2679 LXXXIII).

148 2741 193 2788 20
277 2732 416 2817 Qualiter
434 2733 668 2800 verberaverunt
687 2755 753 2799 eum
772 2733 927 2799 doemones
948 2734 978 2798 in
998 2735 1083 2800 curia
1105 2733 1290 2800 Cardinalis.

223 2855 289 2924 Sub
310 2856 372 2923 hoc
395 2857 489 2924 titulo
514 2856 695 2924 continetur
718 2856 806 2944 quod
830 2854 1020 2944 fugiendum
1044 2877 1091 2924 est
1115 2881 1131 2923 a
1157 2859 1250 2925 curiis
1275 2880 1341 2924 ma-

290 2985 439 3051 gnorum.
461 2984 471 3029 1
492 2963 700 3051 paragrapho.
722 2962 819 3054 (Cup.
840 2963 1035 3052 LXXXIV)

223 3072 274 3138 De
284 3072 408 3137 visione
418 3071 582 3137 cuiusdam
592 3069 693 3137 fratris
706 3070 843 3137 volentis
852 3090 933 3137 stare
944 3073 975 3137 in
988 3073 1084 3138 curia.
1094 3070 1150 3162 (C.
1164 3072 1342 3161 LXXXV).

224 3177 371 3257 Qualiter
393 3196 521 3245 sanctus
546 3200 655 3265 passus
679 3176 738 3244 fuit
758 3179 957 3247 daemonum
981 3197 1181 3246 tentamenta
1204 3180 1237 3247 in
1261 3203 1343 3268 quo·

147 3294 168 3341 2
172 3296 191 3360 5
290 3285 364 3352 dam
378 3285 449 3352 loco
462 3286 617 3366 solitario;
635 3304 666 3352 et
687 3285 725 3352 de
742 3285 840 3351 nobili
859 3286 985 3352 visione
1001 3285 1167 3354 cuiusdam
1184 3285 1285 3353 fratris
1302 3286 1341 3353 de

289 3393 369 3478 ipsu,
390 3409 421 3458 et
447 3390 486 3457 de
511 3392 691 3458 humilitate
715 3392 814 3479 ipsius
837 3392 950 3458 sancti.
972 3413 1004 3458 u.
1028 3392 1125 3480 (Cup.
1146 3392 1340 3482 LXXXVI)

221 3498 274 3564 De
293 3498 434 3586 quodam
455 3498 548 3565 fratre
568 3521 585 3563 a
609 3500 785 3565 tentatione
806 3498 947 3564 liberato
968 3498 1065 3589 (Cup.
1087 3498 1297 3587 LXXXVII)

601 3641 648 3708 Da
669 3641 782 3708 laetitio
800 3641 962 3730 spirituali.

220 3764 287 3833 Sub
299 3764 1191 3833 hoctitulocontineturlanssanctaelaetitiaeetutalum
1203 3764 1342 3831 accidiae

146 3900 190 3969 30
288 3891 319 3939 et
334 3871 514 3940 remedium
535 3892 645 3941 contra
662 3873 734 3939 hoc.
752 3895 763 3940 1
778 3875 986 3962 paragrapho.
1001 3873 1097 3963 (Cup.
1112 3871 1342 3961 LXXXVIII).

218 3979 286 4072 [De
306 3978 439 4070 cithara]
458 4003 556 4068 quarn
576 3980 696 4048 audivit
715 3982 871 4069 angelica.
893 4003 924 4046 u.
946 3979 1041 4071 (Cup.
1062 3978 1257 4067 LXXXIX)

220 4084 322 4170 Quod
369 4087 479 4175 spiritu
526 4086 718 4153 exhilaratus
764 4107 892 4153 sanctus
939 4086 1051 4173 gallice
1094 4084 1250 4152 cantabat.
1296 4105 1341 4150 111.

287 4190 385 4282 (Cap.
410 4191 502 4282 XC).

294 4401 333 4453 14.
354 4389 378 4441 Α
398 4404 446 4441 om.
467 4388 618 4442 continetur
694 4404 733 4457 17.
752 4389 778 4442 A
798 4386 864 4441 illud
939 4403 979 4459 31.
1000 4390 1024 4442 Α
1044 4406 1092 4442 om.
1112 4388 1154 4442 De
1174 4388 1279 4441 eithara

304 4596 329 4639 11
