3142 4875
1119 466 1387 475 ——.-.—--——

265 587 417 661 Vocans
432 604 558 661 autem
580 588 730 661 fratrem
751 587 970 661 Silvestrum
991 589 1152 672 nomine,
1174 588 1296 661 virum
1314 589 1391 662 Dei

264 693 403 792 dignae
433 694 691 791 simplicitatis,
722 694 914 792 praecepit
941 695 975 768 ei
1004 695 1151 768 dicens:
1174 695 1282 769 Vade
1301 711 1392 770 ante

263 817 424 898 portam·
441 802 611 885 civitatis,
643 818 681 875 et
710 828 758 874 ex
786 818 892 899 parte
922 800 1190 898 omnipotentis
1209 803 1282 875 Dei
1303 803 1391 877 dae·

264 907 438 982 monibus
457 910 646 1006 praecipe,
669 925 710 981 ut
728 925 805 982 tam
822 909 897 981 cito
913 925 1051 981 exeant
1071 908 1271 982 civitatem.
1320 910 1392 982 Fe-

264 1016 377 1088 stinat
395 1015 458 1113 pia
477 1015 696 1113 simplicitas
723 1016 772 1089 ad
798 1014 1050 1088 obedientiam
1070 1017 1386 1113 prosequendam,
1419 1044 1439 1108 5

264 1139 302 1194 et
330 1147 613 1219 praeoccupans
643 1122 678 1194 in
708 1120 857 1195 laudem
886 1122 1019 1196 faciem
1055 1122 1220 1208 Domini,
1253 1123 1391 1196 clamat

264 1245 353 1301 ante
381 1245 528 1326 portam
557 1229 746 1302 valenter:
769 1228 829 1301 Ex
857 1245 963 1327 parte
986 1228 1060 1302 Dei
1089 1246 1128 1303 et
1150 1229 1251 1302 iussu
1272 1230 1390 1327 patris

265 1336 382 1407 nostri
403 1334 603 1419 Francisci,
625 1335 756 1432 procul
776 1336 862 1408 hinc
881 1334 1063 1409 discedite
1084 1336 1291 1410 daemones
1309 1338 1388 1409 uni-

263 1442 374 1514 versi.
432 1441 547 1515 Redit
574 1443 622 1515 ad
651 1468 781 1540 pacem
810 1445 922 1540 paulo
950 1459 1037 1539 post
1065 1442 1205 1528 civitas,
1236 1459 1275 1517 et
1302 1443 1388 1516 civi-

265 1547 378 1620 litatis
415 1549 452 1620 in
489 1574 530 1622 se
568 1547 649 1622 iura
684 1574 823 1648 magna
856 1549 1121 1646 tranquillitate
1158 1549 1385 1623 custodiunt
1422 1574 1462 1620 ιο

266 1653 376 1728 Unde
404 1655 646 1753 postmodum
666 1657 887 1753 praedicans
915 1656 970 1730 eis
998 1657 1131 1730 beatus
1150 1657 1384 1742 Franciscus,

266 1762 301 1833 in
330 1761 514 1859 principio
539 1762 829 1860 praedicationis
857 1764 969 1836 dixit:
1001 1762 1120 1837 Vobis
1148 1763 1244 1838 sicut
1270 1789 1388 1861 quon-

263 1868 350 1941 dam
373 1869 524 1943 diabolo
544 1871 753 1967 subiugatis
772 1887 811 1944 et
828 1871 962 1944 vinctis
985 1871 1211 1944 daemonum
1240 1870 1384 1968 loquor,

263 2000 358 2071 quos
387 1992 513 2049 tamen
551 1978 630 2050 scio
668 1977 862 2050 cuiusdam
891 1977 1067 2074 pauperis
1095 1978 1271 2074 precibus
1298 1977 1387 2051 libe-

262 2099 374 2155 ratos.
1420 2110 1458 2175 15

372 2514 448 2608 [De
475 2514 704 2585 conversione
731 2513 892 2584 eiusdem
907 2512 1059 2605 frotrr's
1087 2512 1276 2594 Silvestri,

422 2640 456 2700 et
468 2630 511 2699 do
524 2629 687 2724 quodam
702 2628 823 2723 ipsius
837 2628 1005 2723 vittono}
1063 2626 1219 2699 LXXV.

350 2865 432 2932 109.
468 2839 652 2913 Praedicti
691 2839 859 2912 Silvestri
897 2841 1191 2924 conversionem,
1227 2840 1388 2936 qualiter

262 2973 347 3020 eum
369 2950 416 3021 ad
438 2947 650 3021 intrandum
670 2946 839 3019 ordinem
860 2946 1018 3044 Spiritus
1047 2947 1215 3031 moverit,
1238 2973 1312 3021 non
1333 2948 1385 3019 in-

260 3056 418 3153 dignum
448 3056 562 3127 credo
591 3053 852 3151 praesentibus
880 3053 1055 3150 copulari.
1114 3053 1292 3127 Silvester
1319 3052 1384 3127 ita·
1415 3079 1462 3125 20

262 3188 335 3259 que
364 3162 541 3236 sacerdos
570 3162 689 3233 fuerat
717 3160 918 3233 saecularis
936 3161 985 3233 de
1013 3161 1161 3235 civitate
1185 3159 1329 3245 Assisii,
1361 3187 1384 3235 a

261 3294 337 3366 quo
365 3268 509 3366 lapides
528 3293 597 3364 pro
617 3267 827 3364 reparanda
854 3267 1012 3340 ecclesia
1031 3268 1221 3364 quondam
1242 3284 1384 3341 emerat

262 3378 376 3448 homo
396 3374 480 3448 Dei.
539 3373 611 3447 Hic
635 3400 719 3447 cum
739 3374 884 3447 videret
904 3373 965 3447 illo
984 3374 1020 3447 in
1040 3391 1210 3473 tempore
1230 3377 1383 3448 fratrem

262 3483 504 3564 Bernardum,
527 3482 590 3577 qui
619 3497 705 3579 post
733 3497 902 3554 sanctum
932 3481 1005 3555 Dei
1026 3482 1213 3555 Minorum
1242 3481 1383 3554 ordinis

260 3590 381 3688 prima
408 3588 575 3686 plantula
603 3588 678 3671 luit,
702 3613 770 3661 sua
797 3589 961 3684 perfecte
990 3588 1199 3685 relinquere
1228 3613 1271 3661 ac
1292 3588 1383 3661 dare
1413 3614 1452 3680 25

260 3697 499 3794 pauperibus,
534 3695 696 3794 v[o]raci
734 3694 938 3791 cupiditate
966 3720 1167 3768 succensus
1203 3695 1304 3791 apud
1332 3696 1383 3766 vi-

259 3831 342 3878 rum
363 3804 435 3875 Dei
457 3803 505 3875 de
525 3801 710 3899 lapidibus
730 3801 817 3875 olim
839 3801 907 3875 sibi
927 3801 1087 3874 venditis
1107 3818 1233 3875 movet
1253 3827 1379 3897 quere·

260 3911 332 3984 lam
350 3910 455 4006 quasi
473 3935 547 3982 non
562 3910 768 4007 perfectum
783 3909 818 3981 ei
834 3909 994 4005 pretium
1009 3910 1170 3981 solutum
1184 3907 1379 3981 exstiterit.

260 4017 438 4090 Subridet
474 4016 697 4088 Franciscus
733 4015 896 4089 animum
940 4015 1145 4089 sacerdotis
1181 4016 1382 4088 advertens

259 4124 437 4197 avaritiae
453 4148 600 4196 veneno
617 4124 805 4196 iniectum.
841 4121 917 4195 Sed
933 4122 1166 4220 refrigerium
1183 4120 1382 4195 maledicto
1413 4140 1455 4206 30

334 4347 355 4385 1.
370 4334 398 4384 ll
411 4333 470 4384 Deo
542 4332 780 4402 4.tam]llquam
858 4349 897 4385 12.
914 4334 942 4385 ‚ll
955 4332 1148 4384 minin-dixit
1224 4331 1381 4402 14.tamen]

262 4411 282 4462 R
302 4410 363 4463 inde
440 4428 479 4481 ¹9·
499 4415 518 4465 R
539 4430 587 4465 om.
608 4412 721 4482 Spiritus
795 4411 837 4468 26.
856 4413 881 4465 A
901 4413 989 4465 veraci
