3142 4875
276 217 347 311 176
648 238 819 286 urrunnun
847 239 1014 287 saeuum

268 470 361 545 siam
390 470 515 544 Sancti
545 472 731 555 Damiani,
762 497 860 567 quae
902 472 979 544 fere
1007 471 1128 544 diruta
1166 488 1245 544 erat
1273 489 1311 543 et
1339 475 1386 545 ab

268 579 441 651 omnibus
460 577 647 651 derelicta.
707 579 832 672 Quam
847 605 932 650 cum
948 580 1077 674 spiritu
1094 579 1253 652 ducente
1274 604 1386 652 causa

267 683 444 757 orationis
482 684 645 765 intraret,
686 701 774 758 ante
812 685 1027 758 crucifixum
1065 684 1223 782 supplex
1251 701 1289 759 et
1324 688 1384 758 de-

265 807 375 864 votus
403 792 658 887 prosternitur,
681 808 719 864 et
746 791 1018 865 visitationibus
1047 793 1214 888 pulsatus
1230 791 1385 865 insolitis

265 897 421 971 alterum
452 925 563 994 quam
585 898 777 997 ingressus
797 900 917 971 luerat
936 925 977 971 se
1001 899 1152 971 invenit.
1212 900 1282 972 Cui
1303 924 1384 994 pro·
1418 926 1434 988 ς

265 1005 364 1078 tinus
405 1007 457 1077 sic
500 1006 643 1088 affecto
689 1005 791 1101 quod
832 1024 890 1078 est
917 1031 939 1079 a
968 1007 1126 1079 saeculis
1164 1006 1381 1087 inauditum,

265 1112 392 1209 imago
422 1111 559 1183 Christi
589 1112 753 1185 crucifixi
783 1111 889 1185 labiis
918 1114 1085 1209 picturae
1113 1113 1284 1185 deductis
1312 1115 1383 1185 col·

264 1219 437 1314 loquitur.
484 1217 635 1292 Vocans
654 1219 752 1291 enim
774 1218 894 1315 ipsum
915 1246 963 1292 ex
984 1219 1147 1291 nomine:
1171 1219 1380 1302 Francisce‚

264 1325 393 1421 inquit,
424 1325 530 1408 vade,
563 1351 695 1421 repara
723 1326 874 1397 domum
906 1352 1038 1410 meam,
1060 1352 1168 1422 quae,
1186 1342 1226 1397 ut
1249 1327 1379 1407 cernis,

263 1448 342 1504 tota
370 1432 582 1504 destruitur.
640 1432 902 1504 Tremelactus
922 1432 1143 1504 Franciscus
1162 1450 1287 1529 stupet
1308 1458 1381 1505 non
1419 1459 1458 1506 10

263 1538 461 1617 modicum.
494 1555 531 1611 et
551 1539 656 1635 quasi
676 1538 819 1611 alienus
852 1539 887 1637 [a
907 1540 1033 1638 sensu]
1058 1540 1216 1611 efficitur
1244 1539 1279 1611 in
1309 1564 1382 1611 ser

262 1671 384 1718 mone.
434 1645 497 1717 Ad
516 1646 769 1718 obediendum
785 1671 826 1718 se
841 1664 957 1743 parat,
971 1664 1089 1718 totum
1106 1673 1146 1719 se
1167 1646 1381 1744 [relcolligit

260 1752 309 1824 ad
338 1752 566 1825 mandatum.
624 1753 677 1825 At
700 1778 791 1824 vero
820 1754 908 1848 quia
927 1753 1149 1825 ineffabilem
1179 1754 1235 1826 sui
1265 1770 1381 1825 muta·

260 1858 401 1932 tionem
430 1859 625 1955 persensit,
670 1861 770 1956 quod
808 1860 1019 1955 exprimere
1047 1858 1127 1956 ipse
1158 1885 1230 1932 non
1259 1860 1380 1957 potuit

262 1967 415 2063 expedit
444 1990 512 2038 nos
531 1966 650 2039 silere,
710 1966 880 2064 lufigitur
894 1984 1044 2039 extunc
1065 1983 1217 2040 sanctae
1232 1967 1379 2039 animae
1414 1999 1452 2063 15

261 2072 425 2145 crucifixi
455 2074 677 2167 compassio,
717 2090 755 2145 et
798 2089 838 2145 ut
865 2075 925 2170 pie
954 2075 1074 2170 putari
1104 2090 1237 2169 potest,
1277 2074 1379 2147 cordi

260 2180 351 2265 eius
383 2179 468 2251 licet
498 2183 662 2273 nondum
693 2181 804 2263 carni,
827 2180 1065 2254 venerandae
1092 2180 1270 2278 stigmata
1297 2205 1379 2278 pas·

261 2287 375 2359 sionis
403 2286 513 2359 altius
542 2285 812 2384 imprimuntur,

347 2417 403 2466 11.
421 2393 518 2467 Mira
533 2419 593 2466 res
608 2411 645 2467 et
666 2393 801 2466 nostris
817 2394 975 2467 saeculis
990 2393 1169 2467 inaudita!
1187 2392 1282 2488 Quis
1303 2418 1377 2466 non

199 2577 201 2580 ,
259 2516 385 2597 stupet
413 2501 461 2572 ad
490 2500 585 2574 ista?
616 2502 712 2594 Quis
748 2501 975 2597 quandoque
1011 2501 1143 2574 similia
1170 2500 1377 2574 intellexit?
1408 2530 1451 2577 20

260 2608 355 2701 Quis
371 2607 608 2680 Franciscum
621 2609 693 2680 iam
704 2609 922 2681 redeuntem
935 2609 982 2680 ad
992 2609 1149 2704 patriam
1160 2607 1377 2705 apparuisse

258 2715 404 2787 dubitat
433 2714 659 2796 crucifixum,
690 2716 748 2787 cui
776 2715 898 2788 adhuc
930 2715 1070 2787 mundo
1084 2714 1194 2810 plene
1214 2715 1378 2787 exterius

259 2847 332 2894 non
364 2839 590 2917 contempto
623 2847 721 2893 novo
741 2839 778 2894 et
798 2822 965 2896 inaudito
993 2822 1170 2895 miraculo
1198 2823 1245 2894 de
1274 2821 1377 2919 ligno

258 2928 377 3001 crucis
406 2927 569 3024 loquitur
597 2927 790 3001 Christus?
832 2929 894 3000 Ab
924 2955 968 3002 ea
998 2929 1111 3026 igitur
1140 2929 1231 3002 hora
1260 2928 1378 3024 lique-

257 3036 355 3108 facta
374 3051 432 3108 est
449 3035 575 3108 anima
594 3035 684 3120 eius,
697 3051 738 3107 ut
757 3036 914 3108 dilectus
929 3036 963 3108 ei
982 3037 1127 3108 locutus
1147 3052 1214 3108 est.
1255 3034 1378 3108 Patuit
1406 3062 1447 3128 25

257 3141 369 3238 paulo
388 3159 473 3239 post
492 3167 598 3215 amor
613 3142 735 3215 cordis
754 3168 822 3239 per
837 3141 990 3214 vulnera
1005 3143 1181 3239 corporis.
1237 3142 1378 3238 Nequit

257 3274 304 3322 ex
331 3265 420 3322 tunc
449 3266 649 3345 propterea
677 3250 869 3321 continere
889 3275 911 3322 a
931 3249 1030 3330 fletu,
1053 3250 1164 3322 etiam
1185 3248 1260 3322 alta
1283 3275 1376 3322 voce

258 3356 396 3429 Christi
415 3356 629 3450 passionem
656 3357 761 3452 quasi
791 3382 940 3451 semper
968 3381 1093 3429 coram
1128 3355 1277 3450 [oculis]
1309 3381 1376 3451 po-

256 3464 365 3535 sitam
384 3463 540 3561 plangit.
589 3463 725 3559 Replet
753 3463 956 3560 gemitibus
975 3464 1064 3545 vias
1084 3463 1220 3535 nullam
1242 3487 1376 3535 conso-

256 3571 432 3642 lationem
462 3570 623 3641 admittit
652 3570 854 3642 recordans
882 3569 1078 3668 plagarum
1109 3568 1258 3643 Christi.
1316 3569 1376 3641 ln·
1409 3592 1449 3656 30

255 3677 386 3749 timum
416 3676 485 3749 sibi
524 3677 676 3748 obvium
716 3677 846 3749 habuit
874 3677 1076 3772 quemdam
1112 3677 1283 3760 amicum,
1317 3675 1376 3747 cui

255 3808 369 3855 causa
396 3784 584 3879 patefacta
622 3782 771 3864 doloris,
812 3784 937 3855 statim
972 3773 1257 3882 amicus'd[i]re
1286 3807 1372 3878 pro·

254 3908 408 3962 vocatur
427 3891 475 3962 ad
496 3889 676 3963 lacrimas.
727 3889 868 3962 Verum
897 3907 1050 3963 sanctae
1075 3889 1170 3963 illius
1198 3887 1374 3986 imaginis

255 4022 329 4069 non
358 3997 587 4070 obliviscitur
614 4023 749 4095 gerere
778 4023 916 4081 curam,
949 4022 1018 4070 nec
1046 3997 1264 4070 mandatum
1293 3995 1374 4067 eius

328 4224 350 4277 3.
370 4210 400 4261 ll
418 4208 570 4261 devotionis
647 4225 687 4263 11.
707 4209 731 4262 A
751 4227 800 4262 om.
820 4226 834 4262 a
854 4225 934 4262 sensu
1011 4224 1050 4262 12.
1070 4208 1095 4261 A
1116 4207 1218 4278 colligit
1292 4206 1374 4273 15.R

254 4288 340 4340 sancti
413 4289 454 4342 28.
474 4290 503 4342 M
523 4307 570 4341 om.
591 4304 697 4359 semper
752 4291 777 4343 A
798 4307 846 4343 om.
866 4289 952 4343 oculis
1027 4303 1068 4359 32.
1088 4288 1113 4341 A
1132 4289 1198 4341 dure
