3142 4875
626 408 731 458 ΒΕΑΤΙ
759 407 947 458 FRnthscl
1271 407 1348 476 291¹

229 517 395 524 ———-·.-.
410 518 562 526 --0—

232 695 469 793 [Lamentum
497 696 550 768 ad
573 719 655 768 eum
683 696 726 769 de
756 696 882 768 otrbsis
909 705 944 768 et
965 695 1139 793 gulosis}
1200 695 1338 768 CXXI.

311 888 393 954 162.
427 883 566 964 Liceat,
599 885 764 979 sanct[e]
786 898 903 979 pater,
931 908 999 979 pro
1029 880 1098 955 illis
1126 882 1188 978 qui
1217 880 1270 954 tui
1290 882 1347 955 di-

226 1007 358 1062 cuntur
386 991 422 1061 in
451 989 640 1062 excelsum
669 990 781 1062 hodie
811 987 934 1062 levare
967 987 1182 1062 lamentum.
1242 989 1343 1064 Odio

225 1114 312 1169 sunt
331 1097 506 1169 virtutum
527 1095 704 1169 exercitia
733 1094 867 1179 multiS,
899 1095 961 1192 qui
990 1112 1078 1170 ante
1097 1097 1263 1169 laborem
1284 1121 1346 1169 vo·

181 1229 197 1292 5
226 1203 345 1276 lentes
365 1204 558 1300 quiescere
587 1202 681 1276 filios
709 1228 751 1275 se
780 1228 855 1276 non
884 1202 1072 1277 Francisci
1093 1202 1160 1277 sed
1184 1202 1344 1276 Luciferi

227 1311 396 1408 probant.
456 1309 731 1383 infirmantibus
759 1334 873 1406 quam
902 1308 1144 1383 militantibus
1181 1310 1345 1383 abunda·

228 1444 319 1502 muS,
351 1443 435 1489 cum
470 1433 594 1490 tamen
631 1416 679 1489 ad
708 1417 875 1490 laborem
905 1417 991 1501 nati,
1023 1416 1191 1490 militiam
1229 1416 1344 1489 vitam

226 1549 332 1596 suam
361 1541 535 1621 reputare
563 1523 755 1597 deberent.
813 1524 899 1596 Non
928 1524 1052 1620 placet
1083 1523 1230 1596 actione
1259 1548 1346 1620 pro·

228 1631 348 1715 ficere,
390 1629 705 1728 contemplatione
742 1655 817 1702 non
854 1646 1021 1727 possunt.
1081 1630 1177 1703 Cum
1214 1655 1346 1703 omnes

161 1762 199 1808 ro
226 1737 484 1836 singularitate
512 1736 753 1819 turbaverint,
785 1736 867 1833 plus
896 1737 1002 1810 fauce
1031 1762 1143 1834 quam
1174 1736 1345 1810 manibus

226 1862 436 1942 operantes,
468 1844 601 1916 odiunt
619 1844 882 1941 corripientem
903 1843 939 1915 in
959 1860 1079 1941 porta,
1102 1869 1170 1917 nec
1189 1844 1345 1916 summis

227 1952 417 2049 patiuntur
452 1950 578 2048 digitis
615 1951 816 2023 attrectari.
883 1949 1031 2023 Illorum
1065 1966 1201 2034 tamen,
1242 1949 1345 2023 iuxta

226 2059 380 2131 verbum
411 2058 507 2131 beati
538 2057 737 2140 Francisci,
769 2056 891 2154 magis
919 2055 1187 2155 impudentiam
1218 2056 1340 2140 miror,

226 2166 288 2262 qui
317 2164 418 2237 domi
450 2167 558 2260 [non]
591 2164 658 2236 nisi
688 2190 772 2236 cum
802 2164 938 2238 sudore
966 2163 1157 2248 vixissent,
1180 2178 1218 2236 et
1246 2189 1343 2236 nunc

160 2297 195 2362 15
225 2273 368 2367 absque
396 2270 523 2344 labore
559 2296 766 2369 pauperum
804 2271 941 2344 sudore
976 2288 1189 2369 pascuntur.
1248 2271 1345 2344 Mira

226 2379 440 2476 prudentia!
499 2379 595 2454 Cum
625 2376 713 2451 nihil
732 2395 859 2476 agant,
891 2403 1040 2476 semper
1068 2401 1134 2451 eos
1153 2376 1344 2452 existimes

225 2502 439 2584 occupatos.
497 2486 638 2581 Horas
662 2501 897 2584 cognoscunt
937 2487 985 2559 ad
1027 2484 1189 2584 epulum,
1234 2501 1272 2558 et
1312 2485 1342 2558 si

225 2595 377 2690 quando
397 2595 515 2667 sames
529 2608 650 2690 urget,
672 2592 789 2666 solem
805 2593 987 2666 dormisse
1005 2608 1215 2666 causantur.
1259 2591 1344 2665 Tua

225 2700 354 2797 gloria.
395 2702 492 2773 bone
524 2717 642 2798 pater,
672 2716 840 2774 monstra
876 2700 970 2773 haec
998 2698 1191 2772 hominum
1228 2699 1344 2797 digna

155 2829 196 2876 20
226 2806 469 2880 crediderim?
525 2806 602 2880 Sed
631 2832 700 2879 nec
728 2807 854 2880 tunica
881 2806 1043 2903 quidem.
1102 2806 1162 2879 Tu
1195 2831 1344 2903 semper

225 2915 295 2986 hoc
333 2931 504 3011 tempore
540 2914 682 2987 lubrico
710 2930 749 2987 et
777 2913 901 3012 fugaci
939 2912 1097 2986 docuisti
1127 2913 1343 2986 meritorum

225 3020 372 3094 divitias
403 3046 595 3117 quaerere,
634 3045 682 3094 ne
711 3020 746 3093 in
777 3021 899 3093 luturo
929 3020 1165 3119 contingeret
1203 3019 1343 3092 mendi·

226 3154 321 3201 care.
379 3127 441 3200 Hii
469 3153 560 3201 vero
590 3153 658 3200 nec
685 3127 806 3226 patria
834 3128 1081 3225 perfruuntur,
1105 3129 1141 3201 in
1172 3127 1342 3200 exsilium

226 3236 464 3331 postmodum
480 3235 679 3307 transituri.
738 3233 854 3332 Viget
869 3234 928 3307 hic
945 3236 1096 3308 morbus
1115 3234 1152 3308 in
1172 3233 1340 3314 subditis,

150 3326 195 3432 ‘25
225 3343 400 3438 quoniam
421 3341 574 3438 praelati
595 3341 839 3427 dissimulant,
862 3342 967 3437 quasi
987 3342 1164 3439 possibile
1184 3341 1231 3414 sit
1250 3366 1344 3437 quo-

226 3475 306 3520 rum
326 3449 511 3521 sustinent
528 3447 658 3521 vitium
679 3473 752 3520 non
773 3449 906 3521 lucrari
927 3448 1160 3546 supplicium.

449 3750 518 3824 De
556 3750 797 3824 ministris
833 3751 969 3823 verbi
1008 3750 1121 3824 Dei:

344 3911 497 4010 [Qualis
523 3911 622 3984 debet
648 3937 720 3984 esse
738 3911 1005 4009 praedabatur}
1068 3911 1224 3984 CXXII.

312 4102 355 4168 16
361 4122 394 4190 3.
412 4097 603 4171 blinistros
617 4098 721 4171 verbi
741 4098 815 4170 Dei
834 4099 928 4171 tales
947 4097 1108 4182 volebat,
1130 4096 1191 4194 qui
1213 4095 1344 4168 studiis

158 4226 199 4294 30
229 4201 476 4298 spiritualibus
511 4204 747 4278 intendentes
782 4205 889 4277 nullis
917 4204 997 4278 aliis
1034 4204 1345 4302 praepedirentur

300 4402 323 4440 2.
338 4388 362 4440 A
378 4401 486 4441 sauctus
562 4404 600 4454 14.
620 4390 644 4441 A
665 4406 713 4442 ont.
733 4407 790 4441 non
867 4406 905 4456 15·
922 4390 1080 4461 pascuntur]
1098 4389 1130 4440 M
1143 4401 1287 4440 vescuntur
1293 4408 1301 4451 ;
1318 4391 1344 4440 in

228 4469 353 4534 margine:
367 4466 409 4520 vel
424 4479 566 4538 pascuntur
632 4484 674 4536 25·
685 4469 827 4540 quoniam]
840 4471 860 4524 R
871 4470 934 4539 quin
1002 4470 1099 4538 27-28.
1111 4472 1138 4522 ll
1153 4469 1204 4521 Dei
1218 4480 1244 4518 et
1258 4467 1344 4537 qualis
