<?xml version="1.0" encoding="UTF-8"?>
<!DOCTYPE html PUBLIC "-//W3C//DTD XHTML 1.0 Transitional//EN"
    "http://www.w3.org/TR/xhtml1/DTD/xhtml1-transitional.dtd">
<html xmlns="http://www.w3.org/1999/xhtml" xml:lang="en" lang="en">
 <head>
  <title>
</title>
<meta http-equiv="Content-Type" content="text/html;charset=utf-8" />
  <meta name='ocr-system' content='tesseract 3.04.00' />
  <meta name='ocr-capabilities' content='ocr_page ocr_carea ocr_par ocr_line ocrx_word'/>
</head>
<body>
  <div class='ocr_page' id='page_1' title='image "./sfrancisciassis00dogoog_0464.png"; bbox 0 0 3142 4875; ppageno 0'>
   <div class='ocr_carea' id='block_1_1' title="bbox 256 327 1065 419">
    <p class='ocr_par' dir='ltr' id='par_1_1' title="bbox 256 327 1065 419">
     <span class='ocr_line' id='line_1_1' title="bbox 256 327 1065 419; baseline 0.002 -22"><span class='ocrx_word' id='word_1_1' title='bbox 256 327 331 419; x_wconf 86' lang='lat'>368</span> <span class='ocrx_word' id='word_1_2' title='bbox 560 351 767 400; x_wconf 58' lang='lat' dir='ltr'>reserares</span> <span class='ocrx_word' id='word_1_3' title='bbox 795 351 843 399; x_wconf 81' lang='lat' dir='ltr'>ne</span> <span class='ocrx_word' id='word_1_4' title='bbox 871 350 1065 400; x_wconf 58' lang='lat' dir='ltr'>ursaceus</span> 
     </span>
    </p>
   </div>
   <div class='ocr_carea' id='block_1_2' title="bbox 245 583 1490 4513">
    <p class='ocr_par' dir='ltr' id='par_1_2' title="bbox 245 583 1490 4097">
     <span class='ocr_line' id='line_1_2' title="bbox 335 583 1373 679; baseline 0.002 -26"><span class='ocrx_word' id='word_1_5' title='bbox 335 608 396 673; x_wconf 84' lang='lat'>42·</span> <span class='ocrx_word' id='word_1_6' title='bbox 429 584 632 655; x_wconf 81' lang='lat' dir='ltr'>Cuiusdam</span> <span class='ocrx_word' id='word_1_7' title='bbox 663 585 764 656; x_wconf 91' lang='lat' dir='ltr'>urbis</span> <span class='ocrx_word' id='word_1_8' title='bbox 794 584 938 655; x_wconf 90' lang='lat' dir='ltr'>Romae</span> <span class='ocrx_word' id='word_1_9' title='bbox 959 585 1089 655; x_wconf 85' lang='lat' dir='ltr'>notarii</span> <span class='ocrx_word' id='word_1_10' title='bbox 1111 583 1286 679; x_wconf 90' lang='lat' dir='ltr'>puerulus</span> <span class='ocrx_word' id='word_1_11' title='bbox 1309 584 1373 655; x_wconf 89' lang='lat' dir='ltr'>vix</span> 
     </span>
     <span class='ocr_line' id='line_1_3' title="bbox 253 688 1372 787; baseline -0.001 -24"><span class='ocrx_word' id='word_1_12' title='bbox 253 688 444 787; x_wconf 88' lang='lat' dir='ltr'>septennis</span> <span class='ocrx_word' id='word_1_13' title='bbox 466 709 619 762; x_wconf 90' lang='lat' dir='ltr'>matrem</span> <span class='ocrx_word' id='word_1_14' title='bbox 650 707 803 762; x_wconf 91' lang='lat' dir='ltr'>euntem</span> <span class='ocrx_word' id='word_1_15' title='bbox 822 692 871 763; x_wconf 88' lang='lat' dir='ltr'>ad</span> <span class='ocrx_word' id='word_1_16' title='bbox 889 690 1085 763; x_wconf 86' lang='lat' dir='ltr'>ecclesiam</span> <span class='ocrx_word' id='word_1_17' title='bbox 1106 690 1232 763; x_wconf 87' lang='lat' dir='ltr'>Sancti</span> <span class='ocrx_word' id='word_1_18' title='bbox 1252 690 1372 762; x_wconf 88' lang='lat' dir='ltr'>Marci</span> 
     </span>
     <span class='ocr_line' id='line_1_4' title="bbox 253 796 1370 893; baseline -0.001 -23"><span class='ocrx_word' id='word_1_19' title='bbox 253 822 365 870; x_wconf 91' lang='lat' dir='ltr'>causa</span> <span class='ocrx_word' id='word_1_20' title='bbox 394 796 691 893; x_wconf 80' lang='lat' dir='ltr'>praedicationis,</span> <span class='ocrx_word' id='word_1_21' title='bbox 711 796 841 892; x_wconf 91' lang='lat' dir='ltr'>puerili</span> <span class='ocrx_word' id='word_1_22' title='bbox 871 817 976 869; x_wconf 87' lang='lat' dir='ltr'>more</span> <span class='ocrx_word' id='word_1_23' title='bbox 1004 798 1109 893; x_wconf 91' lang='lat' dir='ltr'>sequi</span> <span class='ocrx_word' id='word_1_24' title='bbox 1139 797 1370 880; x_wconf 71' lang='lat' dir='ltr'>desiderans</span> 
     </span>
     <span class='ocr_line' id='line_1_5' title="bbox 252 902 1370 1001; baseline 0.001 -27"><span class='ocrx_word' id='word_1_25' title='bbox 252 906 339 976; x_wconf 89' lang='lat' dir='ltr'>dnm</span> <span class='ocrx_word' id='word_1_26' title='bbox 369 929 391 976; x_wconf 89' lang='lat' dir='ltr'>a</span> <span class='ocrx_word' id='word_1_27' title='bbox 421 922 538 976; x_wconf 86' lang='lat' dir='ltr'>matre</span> <span class='ocrx_word' id='word_1_28' title='bbox 558 904 750 999; x_wconf 86' lang='lat' dir='ltr'><strong>repellitur</strong></span> <span class='ocrx_word' id='word_1_29' title='bbox 777 920 814 976; x_wconf 88' lang='lat' dir='ltr'>et</span> <span class='ocrx_word' id='word_1_30' title='bbox 843 928 912 999; x_wconf 92' lang='lat' dir='ltr'>pro</span> <span class='ocrx_word' id='word_1_31' title='bbox 932 905 1080 1001; x_wconf 88' lang='lat' dir='ltr'>repulsa</span> <span class='ocrx_word' id='word_1_32' title='bbox 1095 903 1224 999; x_wconf 88' lang='lat' dir='ltr'>spiritu</span> <span class='ocrx_word' id='word_1_33' title='bbox 1244 902 1370 976; x_wconf 87' lang='lat' dir='ltr'>anxia·</span> 
     </span>
     <span class='ocr_line' id='line_1_6' title="bbox 251 1009 1423 1107; baseline -0.001 -24"><span class='ocrx_word' id='word_1_34' title='bbox 251 1029 320 1094; x_wconf 85' lang='lat' dir='ltr'>tur,</span> <span class='ocrx_word' id='word_1_35' title='bbox 352 1037 418 1107; x_wconf 88' lang='lat' dir='ltr'>per</span> <span class='ocrx_word' id='word_1_36' title='bbox 448 1011 648 1082; x_wconf 83' lang='lat' dir='ltr'>fenestram</span> <span class='ocrx_word' id='word_1_37' title='bbox 678 1010 814 1106; x_wconf 89' lang='lat' dir='ltr'>palatii,</span> <span class='ocrx_word' id='word_1_38' title='bbox 848 1010 974 1083; x_wconf 86' lang='lat' dir='ltr'>nescio</span> <span class='ocrx_word' id='word_1_39' title='bbox 1003 1036 1078 1106; x_wconf 90' lang='lat' dir='ltr'>quo</span> <span class='ocrx_word' id='word_1_40' title='bbox 1107 1009 1290 1083; x_wconf 92' lang='lat' dir='ltr'>diabolico</span> <span class='ocrx_word' id='word_1_41' title='bbox 1319 1010 1372 1082; x_wconf 91' lang='lat' dir='ltr'>in·</span> <span class='ocrx_word' id='word_1_42' title='bbox 1406 1046 1423 1107; x_wconf 72' lang='grc' dir='ltr'><strong><em>ς</em></strong></span> 
     </span>
     <span class='ocr_line' id='line_1_7' title="bbox 251 1116 1372 1213; baseline -0.001 -23"><span class='ocrx_word' id='word_1_43' title='bbox 251 1118 398 1198; x_wconf 89' lang='lat' dir='ltr'>stinctu‚</span> <span class='ocrx_word' id='word_1_44' title='bbox 421 1118 599 1192; x_wconf 85' lang='lat' dir='ltr'>obruitur.</span> <span class='ocrx_word' id='word_1_45' title='bbox 621 1135 660 1189; x_wconf 93' lang='lat' dir='ltr'>et</span> <span class='ocrx_word' id='word_1_46' title='bbox 688 1116 816 1190; x_wconf 91' lang='lat' dir='ltr'>ultima</span> <span class='ocrx_word' id='word_1_47' title='bbox 836 1118 1075 1213; x_wconf 85' lang='lat' dir='ltr'>quassatione</span> <span class='ocrx_word' id='word_1_48' title='bbox 1095 1116 1253 1200; x_wconf 84' lang='lat' dir='ltr'>collisus,</span> <span class='ocrx_word' id='word_1_49' title='bbox 1271 1143 1372 1189; x_wconf 90' lang='lat' dir='ltr'>com·</span> 
     </span>
     <span class='ocr_line' id='line_1_8' title="bbox 253 1223 1367 1320; baseline -0.002 -24"><span class='ocrx_word' id='word_1_50' title='bbox 253 1250 402 1297; x_wconf 88' lang='lat' dir='ltr'>munem</span> <span class='ocrx_word' id='word_1_51' title='bbox 417 1223 590 1296; x_wconf 89' lang='lat' dir='ltr'>omnibus</span> <span class='ocrx_word' id='word_1_52' title='bbox 610 1225 738 1296; x_wconf 88' lang='lat' dir='ltr'>mortis</span> <span class='ocrx_word' id='word_1_53' title='bbox 757 1225 953 1296; x_wconf 83' lang='lat' dir='ltr'>transitum</span> <span class='ocrx_word' id='word_1_54' title='bbox 974 1223 1175 1320; x_wconf 87' lang='lat' dir='ltr'>experitur.</span> <span class='ocrx_word' id='word_1_55' title='bbox 1234 1225 1367 1304; x_wconf 81' lang='lat' dir='ltr'>Mater,</span> 
     </span>
     <span class='ocr_line' id='line_1_9' title="bbox 251 1330 1371 1427; baseline -0.001 -24"><span class='ocrx_word' id='word_1_56' title='bbox 251 1357 347 1427; x_wconf 87' lang='lat' dir='ltr'>qnae</span> <span class='ocrx_word' id='word_1_57' title='bbox 369 1333 535 1403; x_wconf 91' lang='lat' dir='ltr'>nondum</span> <span class='ocrx_word' id='word_1_58' title='bbox 565 1332 677 1427; x_wconf 84' lang='lat' dir='ltr'>longe</span> <span class='ocrx_word' id='word_1_59' title='bbox 697 1331 930 1414; x_wconf 84' lang='lat' dir='ltr'>discesserat,</span> <span class='ocrx_word' id='word_1_60' title='bbox 948 1330 996 1402; x_wconf 91' lang='lat' dir='ltr'>ad</span> <span class='ocrx_word' id='word_1_61' title='bbox 1011 1330 1172 1403; x_wconf 89' lang='lat' dir='ltr'>sonitum</span> <span class='ocrx_word' id='word_1_62' title='bbox 1193 1355 1371 1404; x_wconf 89' lang='lat' dir='ltr'>corruen-</span> 
     </span>
     <span class='ocr_line' id='line_1_10' title="bbox 250 1437 1369 1534; baseline -0.002 -24"><span class='ocrx_word' id='word_1_63' title='bbox 250 1438 297 1510; x_wconf 92' lang='lat' dir='ltr'>tis</span> <span class='ocrx_word' id='word_1_64' title='bbox 326 1437 583 1534; x_wconf 87' lang='lat' dir='ltr'>praecipitium</span> <span class='ocrx_word' id='word_1_65' title='bbox 613 1438 781 1534; x_wconf 83' lang='lat' dir='ltr'>pignoris</span> <span class='ocrx_word' id='word_1_66' title='bbox 801 1439 998 1534; x_wconf 85' lang='lat' dir='ltr'>suspicata,</span> <span class='ocrx_word' id='word_1_67' title='bbox 1017 1438 1105 1510; x_wconf 90' lang='lat' dir='ltr'>dum</span> <span class='ocrx_word' id='word_1_68' title='bbox 1127 1437 1237 1510; x_wconf 87' lang='lat' dir='ltr'>celeri</span> <span class='ocrx_word' id='word_1_69' title='bbox 1258 1463 1369 1509; x_wconf 90' lang='lat' dir='ltr'>cursu</span> 
     </span>
     <span class='ocr_line' id='line_1_11' title="bbox 251 1543 1447 1640; baseline 0.004 -24"><span class='ocrx_word' id='word_1_70' title='bbox 251 1544 404 1617; x_wconf 94' lang='lat' dir='ltr'>domum</span> <span class='ocrx_word' id='word_1_71' title='bbox 443 1545 648 1626; x_wconf 89' lang='lat' dir='ltr'>revertitur,</span> <span class='ocrx_word' id='word_1_72' title='bbox 681 1543 794 1616; x_wconf 87' lang='lat' dir='ltr'>lilium</span> <span class='ocrx_word' id='word_1_73' title='bbox 832 1544 1045 1616; x_wconf 86' lang='lat' dir='ltr'>exanimem</span> <span class='ocrx_word' id='word_1_74' title='bbox 1082 1544 1368 1640; x_wconf 84' lang='lat' dir='ltr'>contemplatur.</span> <span class='ocrx_word' id='word_1_75' title='bbox 1407 1577 1447 1620; x_wconf 87' lang='lat' dir='ltr'>ru</span> 
     </span>
     <span class='ocr_line' id='line_1_12' title="bbox 250 1649 1490 1748; baseline 0.001 -25"><span class='ocrx_word' id='word_1_76' title='bbox 250 1652 423 1724; x_wconf 86' lang='lat' dir='ltr'>Protinus</span> <span class='ocrx_word' id='word_1_77' title='bbox 451 1652 518 1723; x_wconf 90' lang='lat' dir='ltr'>sibi</span> <span class='ocrx_word' id='word_1_78' title='bbox 550 1651 618 1748; x_wconf 91' lang='lat' dir='ltr'>ipsi</span> <span class='ocrx_word' id='word_1_79' title='bbox 650 1652 798 1723; x_wconf 88' lang='lat' dir='ltr'>ultrices</span> <span class='ocrx_word' id='word_1_80' title='bbox 827 1649 940 1723; x_wconf 89' lang='lat' dir='ltr'>iniicit</span> <span class='ocrx_word' id='word_1_81' title='bbox 969 1677 1111 1726; x_wconf 89' lang='lat' dir='ltr'>manus.</span> <span class='ocrx_word' id='word_1_82' title='bbox 1134 1650 1267 1723; x_wconf 91' lang='lat' dir='ltr'>vicinia</span> <span class='ocrx_word' id='word_1_83' title='bbox 1286 1676 1379 1747; x_wconf 76' lang='lat' dir='ltr'>pro·¹</span> <span class='ocrx_word' id='word_1_84' title='bbox 1486 1689 1490 1694; x_wconf 90' lang='lat'>·</span> 
     </span>
     <span class='ocr_line' id='line_1_13' title="bbox 250 1758 1367 1853; baseline 0 -23"><span class='ocrx_word' id='word_1_85' title='bbox 250 1776 356 1853; x_wconf 88' lang='lat' dir='ltr'>perat</span> <span class='ocrx_word' id='word_1_86' title='bbox 384 1759 431 1830; x_wconf 87' lang='lat' dir='ltr'>ad</span> <span class='ocrx_word' id='word_1_87' title='bbox 461 1758 675 1839; x_wconf 88' lang='lat' dir='ltr'>lamentum,</span> <span class='ocrx_word' id='word_1_88' title='bbox 707 1758 840 1830; x_wconf 91' lang='lat' dir='ltr'>medici</span> <span class='ocrx_word' id='word_1_89' title='bbox 878 1776 1059 1830; x_wconf 88' lang='lat' dir='ltr'>vocantur</span> <span class='ocrx_word' id='word_1_90' title='bbox 1090 1758 1138 1830; x_wconf 93' lang='lat' dir='ltr'>ad</span> <span class='ocrx_word' id='word_1_91' title='bbox 1168 1776 1367 1830; x_wconf 91' lang='lat' dir='ltr'>mortuum.</span> 
     </span>
     <span class='ocr_line' id='line_1_14' title="bbox 249 1863 1369 1961; baseline 0 -25"><span class='ocrx_word' id='word_1_92' title='bbox 249 1865 325 1937; x_wconf 88' lang='lat' dir='ltr'>Sed</span> <span class='ocrx_word' id='word_1_93' title='bbox 345 1866 525 1961; x_wconf 91' lang='lat' dir='ltr'>numquid</span> <span class='ocrx_word' id='word_1_94' title='bbox 546 1883 731 1936; x_wconf 88' lang='lat' dir='ltr'>mortuum</span> <span class='ocrx_word' id='word_1_95' title='bbox 761 1863 1017 1937; x_wconf 89' lang='lat' dir='ltr'>suscitabunt?</span> <span class='ocrx_word' id='word_1_96' title='bbox 1075 1864 1251 1937; x_wconf 87' lang='lat' dir='ltr'>Cesserat</span> <span class='ocrx_word' id='word_1_97' title='bbox 1277 1881 1369 1936; x_wconf 88' lang='lat' dir='ltr'>tem-</span> 
     </span>
     <span class='ocr_line' id='line_1_15' title="bbox 249 1971 1370 2069; baseline -0.003 -25"><span class='ocrx_word' id='word_1_98' title='bbox 249 1998 319 2069; x_wconf 88' lang='lat' dir='ltr'>pus</span> <span class='ocrx_word' id='word_1_99' title='bbox 347 1972 570 2068; x_wconf 89' lang='lat' dir='ltr'>pronosticis</span> <span class='ocrx_word' id='word_1_100' title='bbox 599 1990 636 2043; x_wconf 87' lang='lat' dir='ltr'>et</span> <span class='ocrx_word' id='word_1_101' title='bbox 665 1971 783 2053; x_wconf 81' lang='lat' dir='ltr'>dietis,</span> <span class='ocrx_word' id='word_1_102' title='bbox 816 1987 855 2043; x_wconf 91' lang='lat' dir='ltr'>et</span> <span class='ocrx_word' id='word_1_103' title='bbox 881 1973 930 2044; x_wconf 90' lang='lat' dir='ltr'>de</span> <span class='ocrx_word' id='word_1_104' title='bbox 959 1972 1039 2043; x_wconf 80' lang='lat' dir='ltr'>loro</span> <span class='ocrx_word' id='word_1_105' title='bbox 1067 1971 1140 2043; x_wconf 92' lang='lat' dir='ltr'>Dei</span> <span class='ocrx_word' id='word_1_106' title='bbox 1169 1972 1289 2044; x_wconf 88' lang='lat' dir='ltr'>sactus</span> <span class='ocrx_word' id='word_1_107' title='bbox 1318 1971 1370 2042; x_wconf 90' lang='lat' dir='ltr'>iu-</span> 
     </span>
     <span class='ocr_line' id='line_1_16' title="bbox 248 2078 1443 2174; baseline 0.004 -25"><span class='ocrx_word' id='word_1_108' title='bbox 248 2078 363 2151; x_wconf 90' lang='lat' dir='ltr'>dicari</span> <span class='ocrx_word' id='word_1_109' title='bbox 384 2105 406 2151; x_wconf 90' lang='lat' dir='ltr'>a</span> <span class='ocrx_word' id='word_1_110' title='bbox 427 2078 581 2150; x_wconf 90' lang='lat' dir='ltr'>medicis</span> <span class='ocrx_word' id='word_1_111' title='bbox 597 2096 753 2174; x_wconf 86' lang='lat' dir='ltr'>poterat,</span> <span class='ocrx_word' id='word_1_112' title='bbox 773 2080 888 2151; x_wconf 89' lang='lat' dir='ltr'>iuvari</span> <span class='ocrx_word' id='word_1_113' title='bbox 910 2104 985 2150; x_wconf 91' lang='lat' dir='ltr'>non</span> <span class='ocrx_word' id='word_1_114' title='bbox 1015 2096 1171 2173; x_wconf 89' lang='lat' dir='ltr'>poterat.</span> <span class='ocrx_word' id='word_1_115' title='bbox 1232 2078 1370 2151; x_wconf 87' lang='lat' dir='ltr'>Calore</span> <span class='ocrx_word' id='word_1_116' title='bbox 1405 2110 1443 2174; x_wconf 83' lang='lat'>15</span> 
     </span>
     <span class='ocr_line' id='line_1_17' title="bbox 249 2184 1371 2282; baseline -0.001 -26"><span class='ocrx_word' id='word_1_117' title='bbox 249 2186 362 2282; x_wconf 85' lang='lat' dir='ltr'>igitur</span> <span class='ocrx_word' id='word_1_118' title='bbox 389 2204 428 2257; x_wconf 88' lang='lat' dir='ltr'>et</span> <span class='ocrx_word' id='word_1_119' title='bbox 457 2186 541 2266; x_wconf 86' lang='lat' dir='ltr'>vita,</span> <span class='ocrx_word' id='word_1_120' title='bbox 574 2210 696 2267; x_wconf 85' lang='lat' dir='ltr'>sensu,</span> <span class='ocrx_word' id='word_1_121' title='bbox 722 2203 824 2256; x_wconf 90' lang='lat' dir='ltr'>motu</span> <span class='ocrx_word' id='word_1_122' title='bbox 853 2204 891 2257; x_wconf 92' lang='lat' dir='ltr'>et</span> <span class='ocrx_word' id='word_1_123' title='bbox 919 2184 1055 2257; x_wconf 87' lang='lat' dir='ltr'>virtute</span> <span class='ocrx_word' id='word_1_124' title='bbox 1075 2185 1250 2282; x_wconf 72' lang='lat' dir='ltr'>privatus</span> <span class='ocrx_word' id='word_1_125' title='bbox 1274 2210 1371 2257; x_wconf 88' lang='lat' dir='ltr'>mor-</span> 
     </span>
     <span class='ocr_line' id='line_1_18' title="bbox 249 2290 1370 2365; baseline -0.002 -1"><span class='ocrx_word' id='word_1_126' title='bbox 249 2309 374 2364; x_wconf 86' lang='lat' dir='ltr'>tunsa</span> <span class='ocrx_word' id='word_1_127' title='bbox 404 2290 557 2363; x_wconf 90' lang='lat' dir='ltr'>medicis</span> <span class='ocrx_word' id='word_1_128' title='bbox 578 2292 770 2365; x_wconf 90' lang='lat' dir='ltr'>iudicatur.</span> <span class='ocrx_word' id='word_1_129' title='bbox 830 2292 961 2364; x_wconf 91' lang='lat' dir='ltr'>Frater</span> <span class='ocrx_word' id='word_1_130' title='bbox 980 2292 1062 2365; x_wconf 89' lang='lat' dir='ltr'>Rao</span> <span class='ocrx_word' id='word_1_131' title='bbox 1082 2294 1129 2364; x_wconf 89' lang='lat' dir='ltr'>de</span> <span class='ocrx_word' id='word_1_132' title='bbox 1150 2293 1280 2364; x_wconf 91' lang='lat' dir='ltr'>ordine</span> <span class='ocrx_word' id='word_1_133' title='bbox 1299 2290 1370 2362; x_wconf 92' lang='lat' dir='ltr'>Mi-</span> 
     </span>
     <span class='ocr_line' id='line_1_19' title="bbox 250 2397 1369 2497; baseline 0 -26"><span class='ocrx_word' id='word_1_134' title='bbox 250 2424 391 2477; x_wconf 86' lang='lat' dir='ltr'>norum.</span> <span class='ocrx_word' id='word_1_135' title='bbox 424 2398 459 2471; x_wconf 95' lang='lat' dir='ltr'>in</span> <span class='ocrx_word' id='word_1_136' title='bbox 489 2398 589 2471; x_wconf 91' lang='lat' dir='ltr'>omni</span> <span class='ocrx_word' id='word_1_137' title='bbox 620 2400 742 2472; x_wconf 90' lang='lat' dir='ltr'>Roma</span> <span class='ocrx_word' id='word_1_138' title='bbox 771 2398 985 2472; x_wconf 89' lang='lat' dir='ltr'>notissimus</span> <span class='ocrx_word' id='word_1_139' title='bbox 1015 2397 1260 2497; x_wconf 87' lang='lat' dir='ltr'>praedicator,</span> <span class='ocrx_word' id='word_1_140' title='bbox 1283 2397 1369 2471; x_wconf 89' lang='lat' dir='ltr'>illuc</span> 
     </span>
     <span class='ocr_line' id='line_1_20' title="bbox 249 2506 1369 2603; baseline 0 -26"><span class='ocrx_word' id='word_1_141' title='bbox 249 2532 289 2578; x_wconf 90' lang='lat' dir='ltr'>se</span> <span class='ocrx_word' id='word_1_142' title='bbox 314 2507 361 2577; x_wconf 90' lang='lat' dir='ltr'>ad</span> <span class='ocrx_word' id='word_1_143' title='bbox 391 2506 681 2602; x_wconf 86' lang='lat' dir='ltr'>praedicandum</span> <span class='ocrx_word' id='word_1_144' title='bbox 702 2508 908 2589; x_wconf 73' lang='lat' dir='ltr'>conferens</span> <span class='ocrx_word' id='word_1_145' title='bbox 932 2506 1194 2603; x_wconf 88' lang='lat' dir='ltr'>propinquavit</span> <span class='ocrx_word' id='word_1_146' title='bbox 1212 2506 1260 2579; x_wconf 90' lang='lat' dir='ltr'>ad</span> <span class='ocrx_word' id='word_1_147' title='bbox 1281 2532 1369 2603; x_wconf 90' lang='lat' dir='ltr'>pue-</span> 
     </span>
     <span class='ocr_line' id='line_1_21' title="bbox 248 2611 1445 2710; baseline 0.004 -26"><span class='ocrx_word' id='word_1_148' title='bbox 248 2637 340 2694; x_wconf 86' lang='lat' dir='ltr'>rum,</span> <span class='ocrx_word' id='word_1_149' title='bbox 362 2628 400 2684; x_wconf 89' lang='lat' dir='ltr'>et</span> <span class='ocrx_word' id='word_1_150' title='bbox 429 2613 501 2684; x_wconf 87' lang='lat' dir='ltr'>lide</span> <span class='ocrx_word' id='word_1_151' title='bbox 522 2612 653 2709; x_wconf 92' lang='lat' dir='ltr'>plenus</span> <span class='ocrx_word' id='word_1_152' title='bbox 672 2611 723 2684; x_wconf 92' lang='lat' dir='ltr'>ait</span> <span class='ocrx_word' id='word_1_153' title='bbox 742 2616 790 2685; x_wconf 88' lang='lat' dir='ltr'>ad</span> <span class='ocrx_word' id='word_1_154' title='bbox 810 2631 972 2710; x_wconf 87' lang='lat' dir='ltr'>patrem:</span> <span class='ocrx_word' id='word_1_155' title='bbox 996 2612 1178 2685; x_wconf 89' lang='lat' dir='ltr'>Credisne</span> <span class='ocrx_word' id='word_1_156' title='bbox 1197 2631 1368 2685; x_wconf 89' lang='lat' dir='ltr'>sanctum</span> <span class='ocrx_word' id='word_1_157' title='bbox 1400 2643 1445 2690; x_wconf 88' lang='lat'>20</span> 
     </span>
     <span class='ocr_line' id='line_1_22' title="bbox 248 2717 1369 2816; baseline -0.001 -25"><span class='ocrx_word' id='word_1_158' title='bbox 248 2717 320 2791; x_wconf 91' lang='lat' dir='ltr'>Dei</span> <span class='ocrx_word' id='word_1_159' title='bbox 352 2720 590 2791; x_wconf 87' lang='lat' dir='ltr'>Franciscum</span> <span class='ocrx_word' id='word_1_160' title='bbox 621 2746 731 2816; x_wconf 90' lang='lat' dir='ltr'>posse</span> <span class='ocrx_word' id='word_1_161' title='bbox 762 2719 876 2792; x_wconf 83' lang='lat' dir='ltr'>hlium</span> <span class='ocrx_word' id='word_1_162' title='bbox 896 2737 1000 2791; x_wconf 90' lang='lat' dir='ltr'>tuum</span> <span class='ocrx_word' id='word_1_163' title='bbox 1029 2746 1050 2790; x_wconf 86' lang='lat' dir='ltr'>a</span> <span class='ocrx_word' id='word_1_164' title='bbox 1081 2720 1236 2792; x_wconf 90' lang='lat' dir='ltr'>mortuis</span> <span class='ocrx_word' id='word_1_165' title='bbox 1254 2721 1369 2792; x_wconf 90' lang='lat' dir='ltr'>susci-</span> 
     </span>
     <span class='ocr_line' id='line_1_23' title="bbox 248 2826 1367 2922; baseline 0 -25"><span class='ocrx_word' id='word_1_166' title='bbox 248 2844 338 2903; x_wconf 86' lang='lat' dir='ltr'>tare.</span> <span class='ocrx_word' id='word_1_167' title='bbox 358 2843 511 2922; x_wconf 89' lang='lat' dir='ltr'>propter</span> <span class='ocrx_word' id='word_1_168' title='bbox 529 2852 695 2898; x_wconf 89' lang='lat' dir='ltr'>amorem</span> <span class='ocrx_word' id='word_1_169' title='bbox 716 2852 829 2922; x_wconf 90' lang='lat' dir='ltr'>quem</span> <span class='ocrx_word' id='word_1_170' title='bbox 849 2852 998 2922; x_wconf 87' lang='lat' dir='ltr'>semper</span> <span class='ocrx_word' id='word_1_171' title='bbox 1026 2827 1154 2899; x_wconf 89' lang='lat' dir='ltr'>habuit</span> <span class='ocrx_word' id='word_1_172' title='bbox 1175 2827 1210 2899; x_wconf 92' lang='lat' dir='ltr'>in</span> <span class='ocrx_word' id='word_1_173' title='bbox 1231 2826 1367 2899; x_wconf 89' lang='lat' dir='ltr'>Filium</span> 
     </span>
     <span class='ocr_line' id='line_1_24' title="bbox 248 2932 1364 3031; baseline 0.001 -28"><span class='ocrx_word' id='word_1_174' title='bbox 248 2932 331 3007; x_wconf 83' lang='lat' dir='ltr'>Dei.</span> <span class='ocrx_word' id='word_1_175' title='bbox 358 2933 563 3004; x_wconf 91' lang='lat' dir='ltr'>Dominum</span> <span class='ocrx_word' id='word_1_176' title='bbox 585 2935 705 3005; x_wconf 89' lang='lat' dir='ltr'>lesum</span> <span class='ocrx_word' id='word_1_177' title='bbox 736 2933 952 3006; x_wconf 89' lang='lat' dir='ltr'>Christum?</span> <span class='ocrx_word' id='word_1_178' title='bbox 989 2933 1219 3031; x_wconf 84' lang='lat' dir='ltr'>¹Respondit</span> <span class='ocrx_word' id='word_1_179' title='bbox 1238 2950 1364 3030; x_wconf 89' lang='lat' dir='ltr'>pater:</span> 
     </span>
     <span class='ocr_line' id='line_1_25' title="bbox 249 3039 1368 3137; baseline 0.002 -27"><span class='ocrx_word' id='word_1_180' title='bbox 249 3039 374 3111; x_wconf 89' lang='lat' dir='ltr'>Credo</span> <span class='ocrx_word' id='word_1_181' title='bbox 405 3039 557 3111; x_wconf 86' lang='lat' dir='ltr'>firmiter</span> <span class='ocrx_word' id='word_1_182' title='bbox 594 3057 631 3112; x_wconf 92' lang='lat' dir='ltr'>et</span> <span class='ocrx_word' id='word_1_183' title='bbox 660 3040 850 3112; x_wconf 89' lang='lat' dir='ltr'>confiteor.</span> <span class='ocrx_word' id='word_1_184' title='bbox 910 3040 986 3112; x_wconf 89' lang='lat' dir='ltr'>Ero</span> <span class='ocrx_word' id='word_1_185' title='bbox 1015 3066 1145 3113; x_wconf 90' lang='lat' dir='ltr'>servus</span> <span class='ocrx_word' id='word_1_186' title='bbox 1174 3043 1253 3113; x_wconf 87' lang='lat' dir='ltr'>eius</span> <span class='ocrx_word' id='word_1_187' title='bbox 1282 3066 1368 3137; x_wconf 89' lang='lat' dir='ltr'>per·</span> 
     </span>
     <span class='ocr_line' id='line_1_26' title="bbox 248 3145 1438 3242; baseline 0.002 -25"><span class='ocrx_word' id='word_1_188' title='bbox 248 3164 382 3242; x_wconf 89' lang='lat' dir='ltr'>petuus</span> <span class='ocrx_word' id='word_1_189' title='bbox 411 3162 449 3217; x_wconf 88' lang='lat' dir='ltr'>et</span> <span class='ocrx_word' id='word_1_190' title='bbox 478 3147 599 3219; x_wconf 89' lang='lat' dir='ltr'>locum</span> <span class='ocrx_word' id='word_1_191' title='bbox 636 3163 805 3219; x_wconf 90' lang='lat' dir='ltr'>sanctum</span> <span class='ocrx_word' id='word_1_192' title='bbox 836 3147 917 3219; x_wconf 90' lang='lat' dir='ltr'>eius</span> <span class='ocrx_word' id='word_1_193' title='bbox 950 3147 1165 3219; x_wconf 88' lang='lat' dir='ltr'>solemniter</span> <span class='ocrx_word' id='word_1_194' title='bbox 1193 3145 1363 3219; x_wconf 84' lang='lat' dir='ltr'>visitabo.</span> <span class='ocrx_word' id='word_1_195' title='bbox 1398 3174 1438 3239; x_wconf 80' lang='lat'>25</span> 
     </span>
     <span class='ocr_line' id='line_1_27' title="bbox 250 3253 1366 3335; baseline 0.001 -10"><span class='ocrx_word' id='word_1_196' title='bbox 250 3253 451 3326; x_wconf 88' lang='lat' dir='ltr'>Prostravit</span> <span class='ocrx_word' id='word_1_197' title='bbox 480 3280 519 3325; x_wconf 88' lang='lat' dir='ltr'>se</span> <span class='ocrx_word' id='word_1_198' title='bbox 550 3255 660 3326; x_wconf 82' lang='lat' dir='ltr'>frater</span> <span class='ocrx_word' id='word_1_199' title='bbox 703 3253 762 3326; x_wconf 93' lang='lat' dir='ltr'>ille</span> <span class='ocrx_word' id='word_1_200' title='bbox 799 3279 883 3325; x_wconf 92' lang='lat' dir='ltr'>cum</span> <span class='ocrx_word' id='word_1_201' title='bbox 913 3255 1016 3326; x_wconf 90' lang='lat' dir='ltr'>socio</span> <span class='ocrx_word' id='word_1_202' title='bbox 1046 3256 1081 3325; x_wconf 92' lang='lat' dir='ltr'>in</span> <span class='ocrx_word' id='word_1_203' title='bbox 1110 3255 1289 3335; x_wconf 87' lang='lat' dir='ltr'>oratione,</span> <span class='ocrx_word' id='word_1_204' title='bbox 1321 3280 1366 3326; x_wconf 88' lang='lat' dir='ltr'>ac</span> 
     </span>
     <span class='ocr_line' id='line_1_28' title="bbox 248 3359 1366 3457; baseline -0.001 -24"><span class='ocrx_word' id='word_1_205' title='bbox 248 3386 380 3433; x_wconf 89' lang='lat' dir='ltr'>omnes</span> <span class='ocrx_word' id='word_1_206' title='bbox 409 3361 455 3432; x_wconf 92' lang='lat' dir='ltr'>ad</span> <span class='ocrx_word' id='word_1_207' title='bbox 485 3362 666 3432; x_wconf 91' lang='lat' dir='ltr'>orandum</span> <span class='ocrx_word' id='word_1_208' title='bbox 697 3362 937 3433; x_wconf 90' lang='lat' dir='ltr'>commonuit.</span> <span class='ocrx_word' id='word_1_209' title='bbox 997 3361 1085 3454; x_wconf 83' lang='lat' dir='ltr'>Quo</span> <span class='ocrx_word' id='word_1_210' title='bbox 1115 3361 1221 3442; x_wconf 84' lang='lat' dir='ltr'>lacto,</span> <span class='ocrx_word' id='word_1_211' title='bbox 1240 3359 1366 3457; x_wconf 86' lang='lat' dir='ltr'>coepit</span> 
     </span>
     <span class='ocr_line' id='line_1_29' title="bbox 247 3465 1367 3564; baseline 0 -25"><span class='ocrx_word' id='word_1_212' title='bbox 247 3493 340 3564; x_wconf 90' lang='lat' dir='ltr'>puer</span> <span class='ocrx_word' id='word_1_213' title='bbox 367 3465 634 3563; x_wconf 90' lang='lat' dir='ltr'>aliquantulum</span> <span class='ocrx_word' id='word_1_214' title='bbox 664 3468 834 3549; x_wconf 89' lang='lat' dir='ltr'>oscitare,</span> <span class='ocrx_word' id='word_1_215' title='bbox 866 3465 990 3539; x_wconf 91' lang='lat' dir='ltr'>levare</span> <span class='ocrx_word' id='word_1_216' title='bbox 1014 3466 1181 3540; x_wconf 81' lang='lat' dir='ltr'>&#39;brachia</span> <span class='ocrx_word' id='word_1_217' title='bbox 1214 3485 1253 3540; x_wconf 89' lang='lat' dir='ltr'>et</span> <span class='ocrx_word' id='word_1_218' title='bbox 1281 3493 1367 3540; x_wconf 89' lang='lat' dir='ltr'>sese</span> 
     </span>
     <span class='ocr_line' id='line_1_30' title="bbox 246 3573 1368 3671; baseline -0.001 -25"><span class='ocrx_word' id='word_1_219' title='bbox 246 3574 404 3671; x_wconf 85' lang='lat' dir='ltr'>erigere.</span> <span class='ocrx_word' id='word_1_220' title='bbox 462 3574 635 3645; x_wconf 84' lang='lat' dir='ltr'>Accurrit</span> <span class='ocrx_word' id='word_1_221' title='bbox 656 3592 774 3645; x_wconf 90' lang='lat' dir='ltr'>mater</span> <span class='ocrx_word' id='word_1_222' title='bbox 794 3591 831 3646; x_wconf 91' lang='lat' dir='ltr'>et</span> <span class='ocrx_word' id='word_1_223' title='bbox 859 3574 972 3646; x_wconf 86' lang='lat' dir='ltr'>filium</span> <span class='ocrx_word' id='word_1_224' title='bbox 992 3573 1236 3670; x_wconf 87' lang='lat' dir='ltr'>amplexatur,</span> <span class='ocrx_word' id='word_1_225' title='bbox 1259 3591 1368 3670; x_wconf 88' lang='lat' dir='ltr'>pater</span> 
     </span>
     <span class='ocr_line' id='line_1_31' title="bbox 247 3679 1442 3777; baseline 0.003 -26"><span class='ocrx_word' id='word_1_226' title='bbox 247 3706 320 3751; x_wconf 91' lang='lat' dir='ltr'>non</span> <span class='ocrx_word' id='word_1_227' title='bbox 351 3706 391 3752; x_wconf 89' lang='lat' dir='ltr'>se</span> <span class='ocrx_word' id='word_1_228' title='bbox 420 3680 521 3776; x_wconf 90' lang='lat' dir='ltr'>capit</span> <span class='ocrx_word' id='word_1_229' title='bbox 550 3705 638 3776; x_wconf 84' lang='lat' dir='ltr'>prae</span> <span class='ocrx_word' id='word_1_230' title='bbox 668 3681 820 3777; x_wconf 87' lang='lat' dir='ltr'>gaudi0,</span> <span class='ocrx_word' id='word_1_231' title='bbox 851 3696 889 3753; x_wconf 92' lang='lat' dir='ltr'>et</span> <span class='ocrx_word' id='word_1_232' title='bbox 917 3679 1039 3753; x_wconf 90' lang='lat' dir='ltr'>omnis</span> <span class='ocrx_word' id='word_1_233' title='bbox 1068 3681 1228 3777; x_wconf 89' lang='lat' dir='ltr'>populus</span> <span class='ocrx_word' id='word_1_234' title='bbox 1246 3682 1367 3754; x_wconf 89' lang='lat' dir='ltr'>admi·</span> <span class='ocrx_word' id='word_1_235' title='bbox 1399 3709 1442 3773; x_wconf 82' lang='lat'>30</span> 
     </span>
     <span class='ocr_line' id='line_1_32' title="bbox 246 3787 1367 3885; baseline 0.003 -28"><span class='ocrx_word' id='word_1_236' title='bbox 246 3788 389 3859; x_wconf 86' lang='lat' dir='ltr'>ratione</span> <span class='ocrx_word' id='word_1_237' title='bbox 420 3788 583 3884; x_wconf 90' lang='lat' dir='ltr'>repletus</span> <span class='ocrx_word' id='word_1_238' title='bbox 612 3787 789 3859; x_wconf 88' lang='lat' dir='ltr'>altissima</span> <span class='ocrx_word' id='word_1_239' title='bbox 818 3813 910 3859; x_wconf 93' lang='lat' dir='ltr'>voce</span> <span class='ocrx_word' id='word_1_240' title='bbox 939 3787 1129 3860; x_wconf 89' lang='lat' dir='ltr'>Christum</span> <span class='ocrx_word' id='word_1_241' title='bbox 1151 3787 1367 3885; x_wconf 84' lang='lat' dir='ltr'>magnificat</span> 
     </span>
     <span class='ocr_line' id='line_1_33' title="bbox 245 3891 1367 3969; baseline 0 -4"><span class='ocrx_word' id='word_1_242' title='bbox 245 3909 284 3966; x_wconf 90' lang='lat' dir='ltr'>et</span> <span class='ocrx_word' id='word_1_243' title='bbox 303 3911 473 3965; x_wconf 89' lang='lat' dir='ltr'>sanctum</span> <span class='ocrx_word' id='word_1_244' title='bbox 503 3895 593 3966; x_wconf 89' lang='lat' dir='ltr'>eius.</span> <span class='ocrx_word' id='word_1_245' title='bbox 652 3891 783 3969; x_wconf 87' lang='lat' dir='ltr'>Statim</span> <span class='ocrx_word' id='word_1_246' title='bbox 814 3918 939 3966; x_wconf 88' lang='lat' dir='ltr'>coram</span> <span class='ocrx_word' id='word_1_247' title='bbox 969 3896 1143 3967; x_wconf 89' lang='lat' dir='ltr'>omnibus</span> <span class='ocrx_word' id='word_1_248' title='bbox 1162 3893 1367 3967; x_wconf 90' lang='lat' dir='ltr'>ambulavit</span> 
     </span>
     <span class='ocr_line' id='line_1_34' title="bbox 246 3999 992 4097; baseline 0.003 -26"><span class='ocrx_word' id='word_1_249' title='bbox 246 3999 339 4095; x_wconf 89' lang='lat' dir='ltr'>puer</span> <span class='ocrx_word' id='word_1_250' title='bbox 368 4016 405 4071; x_wconf 88' lang='lat' dir='ltr'>et</span> <span class='ocrx_word' id='word_1_251' title='bbox 433 4000 574 4097; x_wconf 90' lang='lat' dir='ltr'>optime</span> <span class='ocrx_word' id='word_1_252' title='bbox 601 3999 699 4073; x_wconf 87' lang='lat' dir='ltr'>vitae</span> <span class='ocrx_word' id='word_1_253' title='bbox 730 4000 896 4073; x_wconf 91' lang='lat' dir='ltr'>redditus</span> <span class='ocrx_word' id='word_1_254' title='bbox 925 4018 992 4073; x_wconf 89' lang='lat' dir='ltr'>est.</span> 
     </span>
    </p>

    <p class='ocr_par' dir='ltr' id='par_1_3' title="bbox 246 4106 1441 4513">
     <span class='ocr_line' id='line_1_35' title="bbox 326 4106 1367 4204; baseline 0.001 -26"><span class='ocrx_word' id='word_1_255' title='bbox 326 4128 386 4203; x_wconf 78' lang='lat'>43.</span> <span class='ocrx_word' id='word_1_256' title='bbox 420 4107 515 4178; x_wconf 88' lang='lat' dir='ltr'>Cum</span> <span class='ocrx_word' id='word_1_257' title='bbox 545 4109 676 4180; x_wconf 80' lang='lat' dir='ltr'>iratres</span> <span class='ocrx_word' id='word_1_258' title='bbox 708 4108 757 4180; x_wconf 87' lang='lat' dir='ltr'>de</span> <span class='ocrx_word' id='word_1_259' title='bbox 785 4106 947 4181; x_wconf 86' lang='lat' dir='ltr'>Nuceria</span> <span class='ocrx_word' id='word_1_260' title='bbox 977 4125 1148 4204; x_wconf 90' lang='lat' dir='ltr'>peterent</span> <span class='ocrx_word' id='word_1_261' title='bbox 1175 4109 1367 4204; x_wconf 91' lang='lat' dir='ltr'>quoddam</span> 
     </span>
     <span class='ocr_line' id='line_1_36' title="bbox 246 4212 1441 4311; baseline 0.005 -30"><span class='ocrx_word' id='word_1_262' title='bbox 246 4212 450 4305; x_wconf 87' lang='lat' dir='ltr'>plaustrum</span> <span class='ocrx_word' id='word_1_263' title='bbox 471 4240 492 4284; x_wconf 94' lang='lat' dir='ltr'>a</span> <span class='ocrx_word' id='word_1_264' title='bbox 514 4214 675 4309; x_wconf 89' lang='lat' dir='ltr'>quodam</span> <span class='ocrx_word' id='word_1_265' title='bbox 698 4215 777 4286; x_wconf 90' lang='lat' dir='ltr'>viro</span> <span class='ocrx_word' id='word_1_266' title='bbox 797 4216 908 4287; x_wconf 88' lang='lat' dir='ltr'>Petro</span> <span class='ocrx_word' id='word_1_267' title='bbox 929 4215 1090 4298; x_wconf 88' lang='lat' dir='ltr'>nomine,</span> <span class='ocrx_word' id='word_1_268' title='bbox 1108 4241 1183 4311; x_wconf 93' lang='lat' dir='ltr'>quo</span> <span class='ocrx_word' id='word_1_269' title='bbox 1202 4214 1365 4311; x_wconf 89' lang='lat' dir='ltr'>aliquan·</span> <span class='ocrx_word' id='word_1_270' title='bbox 1403 4246 1441 4310; x_wconf 75' lang='lat'>35</span> 
     </span>
     <span class='ocr_line' id='line_1_37' title="bbox 246 4318 1367 4418; baseline 0.005 -33"><span class='ocrx_word' id='word_1_271' title='bbox 246 4318 361 4387; x_wconf 93' lang='lat' dir='ltr'>tulum</span> <span class='ocrx_word' id='word_1_272' title='bbox 392 4319 620 4415; x_wconf 81' lang='lat' dir='ltr'>indigebant.</span> <span class='ocrx_word' id='word_1_273' title='bbox 652 4323 763 4393; x_wconf 90' lang='lat' dir='ltr'>stulte</span> <span class='ocrx_word' id='word_1_274' title='bbox 794 4323 986 4417; x_wconf 88' lang='lat' dir='ltr'>respondit</span> <span class='ocrx_word' id='word_1_275' title='bbox 1020 4322 1075 4394; x_wconf 88' lang='lat' dir='ltr'>eis</span> <span class='ocrx_word' id='word_1_276' title='bbox 1103 4321 1247 4395; x_wconf 89' lang='lat' dir='ltr'>dicens:</span> <span class='ocrx_word' id='word_1_277' title='bbox 1279 4320 1367 4418; x_wconf 80' lang='lat' dir='ltr'>Ego</span> 
     </span>
     <span class='ocr_line' id='line_1_38' title="bbox 246 4420 1363 4513; baseline 0.012 -24"><span class='ocrx_word' id='word_1_278' title='bbox 246 4420 367 4513; x_wconf 90' lang='lat' dir='ltr'>potius</span> <span class='ocrx_word' id='word_1_279' title='bbox 383 4426 611 4497; x_wconf 84' lang='lat' dir='ltr'>excoriarem</span> <span class='ocrx_word' id='word_1_280' title='bbox 624 4427 719 4498; x_wconf 91' lang='lat' dir='ltr'>duos</span> <span class='ocrx_word' id='word_1_281' title='bbox 729 4454 776 4499; x_wconf 88' lang='lat' dir='ltr'>ex</span> <span class='ocrx_word' id='word_1_282' title='bbox 788 4428 894 4500; x_wconf 91' lang='lat' dir='ltr'>vobis</span> <span class='ocrx_word' id='word_1_283' title='bbox 910 4455 992 4501; x_wconf 91' lang='lat' dir='ltr'>cum</span> <span class='ocrx_word' id='word_1_284' title='bbox 1010 4444 1140 4501; x_wconf 91' lang='lat' dir='ltr'>sancto</span> <span class='ocrx_word' id='word_1_285' title='bbox 1151 4429 1181 4500; x_wconf 88' lang='lat' dir='ltr'>F</span> <span class='ocrx_word' id='word_1_286' title='bbox 1183 4428 1363 4501; x_wconf 84' lang='lat' dir='ltr'>rancisco.</span> 
     </span>
    </p>
   </div>
   <div class='ocr_carea' id='block_1_3' title="bbox 0 0 1576 4875">
    <p class='ocr_par' dir='ltr' id='par_1_4' title="bbox 0 0 1576 4875">
     <span class='ocr_line' id='line_1_39' title="bbox 0 0 1576 4875; baseline 0 2"><span class='ocrx_word' id='word_1_287' title='bbox 0 0 1576 4875; x_wconf 95' lang='lat' dir='ltr'> </span> 
     </span>
    </p>
   </div>
  </div>
 </body>
</html>
