<?xml version="1.0" encoding="UTF-8"?>
<!DOCTYPE html PUBLIC "-//W3C//DTD XHTML 1.0 Transitional//EN"
    "http://www.w3.org/TR/xhtml1/DTD/xhtml1-transitional.dtd">
<html xmlns="http://www.w3.org/1999/xhtml" xml:lang="en" lang="en">
 <head>
  <title>
</title>
<meta http-equiv="Content-Type" content="text/html;charset=utf-8" />
  <meta name='ocr-system' content='tesseract 3.04.00' />
  <meta name='ocr-capabilities' content='ocr_page ocr_carea ocr_par ocr_line ocrx_word'/>
</head>
<body>
  <div class='ocr_page' id='page_1' title='image "./sfrancisciassis00dogoog_0052.png"; bbox 0 0 3142 4875; ppageno 0'>
   <div class='ocr_carea' id='block_1_1' title="bbox 249 286 949 380">
    <p class='ocr_par' dir='ltr' id='par_1_1' title="bbox 249 286 949 380">
     <span class='ocr_line' id='line_1_1' title="bbox 249 286 949 380; baseline -0.003 -1"><span class='ocrx_word' id='word_1_1' title='bbox 249 328 362 379; x_wconf 79' lang='lat' dir='ltr'>XLVIII</span> <span class='ocrx_word' id='word_1_2' title='bbox 465 286 469 296; x_wconf 35' lang='grc'><strong><em>1</em></strong></span> <span class='ocrx_word' id='word_1_3' title='bbox 673 330 949 380; x_wconf 79' lang='lat' dir='ltr'>PROLEGOMENA</span> 
     </span>
    </p>
   </div>
   <div class='ocr_carea' id='block_1_2' title="bbox 692 809 930 877">
    <p class='ocr_par' dir='ltr' id='par_1_2' title="bbox 692 809 930 877">
     <span class='ocr_line' id='line_1_2' title="bbox 692 809 930 877; baseline -0.004 -1"><span class='ocrx_word' id='word_1_4' title='bbox 692 809 845 877; x_wconf 81' lang='lat' dir='ltr'>CAPUT</span> <span class='ocrx_word' id='word_1_5' title='bbox 871 810 930 877; x_wconf 87' lang='lat' dir='ltr'>III.</span> 
     </span>
    </p>
   </div>
   <div class='ocr_carea' id='block_1_3' title="bbox 629 961 991 1029">
    <p class='ocr_par' dir='ltr' id='par_1_3' title="bbox 629 961 991 1029">
     <span class='ocr_line' id='line_1_3' title="bbox 629 961 991 1029; baseline 0 -3"><span class='ocrx_word' id='word_1_6' title='bbox 629 961 991 1029; x_wconf 76' lang='lat' dir='ltr'>Dn=Cou1crsus</span> 
     </span>
    </p>
   </div>
   <div class='ocr_carea' id='block_1_4' title="bbox 665 1192 955 1247">
    <p class='ocr_par' dir='ltr' id='par_1_4' title="bbox 665 1192 955 1247">
     <span class='ocr_line' id='line_1_4' title="bbox 665 1192 955 1247; baseline -0.003 -2"><span class='ocrx_word' id='word_1_7' title='bbox 665 1192 686 1246; x_wconf 90' lang='lat'>1.</span> <span class='ocrx_word' id='word_1_8' title='bbox 705 1192 841 1247; x_wconf 66' lang='lat' dir='ltr'>Leonam</span> <span class='ocrx_word' id='word_1_9' title='bbox 860 1208 955 1247; x_wconf 73' lang='grc'>1111111.</span> 
     </span>
    </p>
   </div>
   <div class='ocr_carea' id='block_1_5' title="bbox 248 1350 1373 2271">
    <p class='ocr_par' dir='ltr' id='par_1_5' title="bbox 251 1350 1373 1545">
     <span class='ocr_line' id='line_1_5' title="bbox 318 1350 1373 1436; baseline 0.003 -19"><span class='ocrx_word' id='word_1_10' title='bbox 318 1352 669 1418; x_wconf 86' lang='lat' dir='ltr'>Barcinonensis.</span> <span class='ocrx_word' id='word_1_11' title='bbox 717 1351 833 1419; x_wconf 82' lang='lat' dir='ltr'>Codex</span> <span class='ocrx_word' id='word_1_12' title='bbox 861 1350 1135 1434; x_wconf 88' lang='lat' dir='ltr'>membranaceus,</span> <span class='ocrx_word' id='word_1_13' title='bbox 1160 1353 1276 1420; x_wconf 86' lang='lat' dir='ltr'>saeculi</span> <span class='ocrx_word' id='word_1_14' title='bbox 1301 1375 1373 1436; x_wconf 86' lang='lat' dir='ltr'>xrn,</span> 
     </span>
     <span class='ocr_line' id='line_1_6' title="bbox 251 1456 875 1545; baseline -0.003 -18"><span class='ocrx_word' id='word_1_15' title='bbox 251 1465 447 1544; x_wconf 82' lang='lat' dir='ltr'>370&gt;&lt;25o</span> <span class='ocrx_word' id='word_1_16' title='bbox 472 1481 563 1539; x_wconf 76' lang='lat' dir='ltr'>mm,</span> <span class='ocrx_word' id='word_1_17' title='bbox 587 1456 642 1525; x_wconf 88' lang='lat' dir='ltr'>fol.</span> <span class='ocrx_word' id='word_1_18' title='bbox 672 1460 744 1545; x_wconf 86' lang='lat'>178,</span> <span class='ocrx_word' id='word_1_19' title='bbox 769 1480 788 1524; x_wconf 89' lang='lat'><strong>2</strong></span> <span class='ocrx_word' id='word_1_20' title='bbox 814 1458 875 1525; x_wconf 90' lang='lat' dir='ltr'>col.</span> 
     </span>
    </p>

    <p class='ocr_par' dir='ltr' id='par_1_6' title="bbox 248 1562 1373 2271">
     <span class='ocr_line' id='line_1_7' title="bbox 320 1562 1372 1652; baseline -0.001 -24"><span class='ocrx_word' id='word_1_21' title='bbox 320 1562 425 1628; x_wconf 90' lang='lat' dir='ltr'><strong>Hodie</strong></span> <span class='ocrx_word' id='word_1_22' title='bbox 455 1563 639 1630; x_wconf 83' lang='lat' dir='ltr'>adservatur</span> <span class='ocrx_word' id='word_1_23' title='bbox 662 1565 694 1629; x_wconf 91' lang='lat' dir='ltr'>in</span> <span class='ocrx_word' id='word_1_24' title='bbox 719 1563 863 1631; x_wconf 84' lang='lat' dir='ltr'>Archivo</span> <span class='ocrx_word' id='word_1_25' title='bbox 888 1564 993 1652; x_wconf 87' lang='lat' dir='ltr'>Regni</span> <span class='ocrx_word' id='word_1_26' title='bbox 1019 1565 1212 1652; x_wconf 79' lang='lat' dir='ltr'>Aragoniae,</span> <span class='ocrx_word' id='word_1_27' title='bbox 1237 1566 1372 1631; x_wconf 75' lang='lat' dir='ltr'>Archino</span> 
     </span>
     <span class='ocr_line' id='line_1_8' title="bbox 248 1670 1372 1759; baseline 0.002 -25"><span class='ocrx_word' id='word_1_28' title='bbox 248 1670 369 1756; x_wconf 83' lang='lat' dir='ltr'>grnrrnI</span> <span class='ocrx_word' id='word_1_29' title='bbox 391 1671 425 1736; x_wconf 82' lang='lat' dir='ltr'>de</span> <span class='ocrx_word' id='word_1_30' title='bbox 457 1671 488 1738; x_wconf 87' lang='lat' dir='ltr'>Ia</span> <span class='ocrx_word' id='word_1_31' title='bbox 513 1671 634 1739; x_wconf 80' lang='lat' dir='ltr'>Corona</span> <span class='ocrx_word' id='word_1_32' title='bbox 661 1672 695 1738; x_wconf 80' lang='lat' dir='ltr'>du</span> <span class='ocrx_word' id='word_1_33' title='bbox 719 1675 855 1758; x_wconf 78' lang='lat' dir='ltr'>Aragon,</span> <span class='ocrx_word' id='word_1_34' title='bbox 889 1672 1078 1751; x_wconf 86' lang='lat' dir='ltr'>Barcinone,</span> <span class='ocrx_word' id='word_1_35' title='bbox 1111 1674 1193 1738; x_wconf 87' lang='lat' dir='ltr'>inter</span> <span class='ocrx_word' id='word_1_36' title='bbox 1223 1672 1372 1759; x_wconf 89' lang='lat' dir='ltr'>antiquos</span> 
     </span>
     <span class='ocr_line' id='line_1_9' title="bbox 250 1774 1372 1866; baseline 0.004 -27"><span class='ocrx_word' id='word_1_37' title='bbox 250 1774 346 1841; x_wconf 92' lang='lat' dir='ltr'>libros</span> <span class='ocrx_word' id='word_1_38' title='bbox 377 1778 611 1865; x_wconf 85' lang='lat' dir='ltr'>manuscriptos</span> <span class='ocrx_word' id='word_1_39' title='bbox 644 1779 829 1844; x_wconf 88' lang='lat' dir='ltr'>monasterii</span> <span class='ocrx_word' id='word_1_40' title='bbox 864 1777 1099 1865; x_wconf 84' lang='lat' dir='ltr'>Bivipuliensis,</span> <span class='ocrx_word' id='word_1_41' title='bbox 1123 1779 1281 1866; x_wconf 66' lang='lat' dir='ltr'>Ripaltu)</span> <span class='ocrx_word' id='word_1_42' title='bbox 1313 1778 1372 1844; x_wconf 93' lang='lat' dir='ltr'>sub</span> 
     </span>
     <span class='ocr_line' id='line_1_10' title="bbox 251 1882 1371 1973; baseline 0.004 -26"><span class='ocrx_word' id='word_1_43' title='bbox 251 1905 387 1949; x_wconf 91' lang='lat' dir='ltr'>numero</span> <span class='ocrx_word' id='word_1_44' title='bbox 411 1905 450 1970; x_wconf 85' lang='lat'>41</span> <span class='ocrx_word' id='word_1_45' title='bbox 478 1883 527 1973; x_wconf 91' lang='lat' dir='ltr'>(in</span> <span class='ocrx_word' id='word_1_46' title='bbox 552 1882 637 1951; x_wconf 92' lang='lat' dir='ltr'>dicto</span> <span class='ocrx_word' id='word_1_47' title='bbox 662 1887 859 1951; x_wconf 83' lang='lat' dir='ltr'>monasterio</span> <span class='ocrx_word' id='word_1_48' title='bbox 884 1883 943 1973; x_wconf 83' lang='lat'>61)</span> <span class='ocrx_word' id='word_1_49' title='bbox 1003 1883 1152 1951; x_wconf 91' lang='lat' dir='ltr'>Titulum</span> <span class='ocrx_word' id='word_1_50' title='bbox 1181 1903 1371 1972; x_wconf 89' lang='lat' dir='ltr'>sequentem</span> 
     </span>
     <span class='ocr_line' id='line_1_11' title="bbox 251 1988 1373 2078; baseline 0.004 -25"><span class='ocrx_word' id='word_1_51' title='bbox 251 1989 382 2075; x_wconf 84' lang='lat' dir='ltr'>profert:</span> <span class='ocrx_word' id='word_1_52' title='bbox 413 1992 505 2057; x_wconf 90' lang='lat' dir='ltr'>«Iste</span> <span class='ocrx_word' id='word_1_53' title='bbox 529 1989 607 2056; x_wconf 88' lang='lat' dir='ltr'>iiber</span> <span class='ocrx_word' id='word_1_54' title='bbox 630 2008 678 2057; x_wconf 91' lang='lat' dir='ltr'>est</span> <span class='ocrx_word' id='word_1_55' title='bbox 700 1988 738 2056; x_wconf 92' lang='lat' dir='ltr'>de</span> <span class='ocrx_word' id='word_1_56' title='bbox 763 1993 853 2078; x_wconf 88' lang='lat' dir='ltr'>penis</span> <span class='ocrx_word' id='word_1_57' title='bbox 878 1989 1084 2057; x_wconf 83' lang='lat' dir='ltr'>infernalibus</span> <span class='ocrx_word' id='word_1_58' title='bbox 1109 2010 1140 2057; x_wconf 89' lang='lat' dir='ltr'>et</span> <span class='ocrx_word' id='word_1_59' title='bbox 1163 1991 1321 2070; x_wconf 83' lang='lat' dir='ltr'>Barlaam,</span> <span class='ocrx_word' id='word_1_60' title='bbox 1341 2011 1373 2057; x_wconf 96' lang='lat' dir='ltr'>et</span> 
     </span>
     <span class='ocr_line' id='line_1_12' title="bbox 250 2096 1371 2179; baseline -0.001 -16"><span class='ocrx_word' id='word_1_61' title='bbox 250 2098 314 2163; x_wconf 87' lang='lat' dir='ltr'>vita</span> <span class='ocrx_word' id='word_1_62' title='bbox 339 2096 420 2163; x_wconf 88' lang='lat' dir='ltr'>beati</span> <span class='ocrx_word' id='word_1_63' title='bbox 447 2097 622 2178; x_wconf 88' lang='lat' dir='ltr'>Benedicti,</span> <span class='ocrx_word' id='word_1_64' title='bbox 648 2096 739 2164; x_wconf 90' lang='lat' dir='ltr'>etde</span> <span class='ocrx_word' id='word_1_65' title='bbox 764 2098 829 2164; x_wconf 83' lang='lat' dir='ltr'>vita</span> <span class='ocrx_word' id='word_1_66' title='bbox 853 2117 884 2163; x_wconf 91' lang='lat' dir='ltr'>et</span> <span class='ocrx_word' id='word_1_67' title='bbox 909 2097 1067 2164; x_wconf 86' lang='lat' dir='ltr'>miraculis</span> <span class='ocrx_word' id='word_1_68' title='bbox 1092 2096 1174 2164; x_wconf 91' lang='lat' dir='ltr'>beati</span> <span class='ocrx_word' id='word_1_69' title='bbox 1200 2099 1371 2179; x_wconf 74' lang='lat' dir='ltr'>francisci,</span> 
     </span>
     <span class='ocr_line' id='line_1_13' title="bbox 250 2201 966 2271; baseline 0.001 -3"><span class='ocrx_word' id='word_1_70' title='bbox 250 2221 283 2268; x_wconf 89' lang='lat' dir='ltr'>et</span> <span class='ocrx_word' id='word_1_71' title='bbox 307 2201 400 2270; x_wconf 92' lang='lat' dir='ltr'>debet</span> <span class='ocrx_word' id='word_1_72' title='bbox 424 2226 554 2271; x_wconf 88' lang='lat' dir='ltr'>manere</span> <span class='ocrx_word' id='word_1_73' title='bbox 577 2204 609 2270; x_wconf 93' lang='lat' dir='ltr'>in</span> <span class='ocrx_word' id='word_1_74' title='bbox 635 2205 771 2270; x_wconf 89' lang='lat' dir='ltr'>armario</span> <span class='ocrx_word' id='word_1_75' title='bbox 796 2203 966 2270; x_wconf 80' lang='lat' dir='ltr'>claustri».</span> 
     </span>
    </p>
   </div>
   <div class='ocr_carea' id='block_1_6' title="bbox 251 2353 1409 3311">
    <p class='ocr_par' dir='ltr' id='par_1_7' title="bbox 251 2353 1409 2689">
     <span class='ocr_line' id='line_1_14' title="bbox 322 2353 1372 2429; baseline 0.001 -23"><span class='ocrx_word' id='word_1_76' title='bbox 322 2353 464 2407; x_wconf 87' lang='lat' dir='ltr'>Continet:</span> <span class='ocrx_word' id='word_1_77' title='bbox 488 2353 514 2408; x_wconf 84' lang='lat' dir='ltr'>ff.</span> <span class='ocrx_word' id='word_1_78' title='bbox 538 2371 600 2408; x_wconf 85' lang='lat'>1-2:</span> <span class='ocrx_word' id='word_1_79' title='bbox 627 2356 773 2408; x_wconf 90' lang='lat' dir='ltr'>Decretum</span> <span class='ocrx_word' id='word_1_80' title='bbox 795 2356 937 2407; x_wconf 89' lang='lat' dir='ltr'>cuiusdam</span> <span class='ocrx_word' id='word_1_81' title='bbox 958 2355 1077 2424; x_wconf 82' lang='lat' dir='ltr'>Capituli</span> <span class='ocrx_word' id='word_1_82' title='bbox 1097 2353 1209 2408; x_wconf 91' lang='lat' dir='ltr'>Ordinis</span> <span class='ocrx_word' id='word_1_83' title='bbox 1237 2355 1264 2407; x_wconf 89' lang='lat' dir='ltr'>S.</span> <span class='ocrx_word' id='word_1_84' title='bbox 1285 2355 1372 2429; x_wconf 85' lang='lat' dir='ltr'>Bene-</span> 
     </span>
     <span class='ocr_line' id='line_1_15' title="bbox 251 2442 1374 2514; baseline 0.002 -19"><span class='ocrx_word' id='word_1_85' title='bbox 251 2443 323 2505; x_wconf 85' lang='lat' dir='ltr'>dicti,</span> <span class='ocrx_word' id='word_1_86' title='bbox 339 2442 410 2513; x_wconf 91' lang='lat' dir='ltr'>quod</span> <span class='ocrx_word' id='word_1_87' title='bbox 424 2443 529 2514; x_wconf 87' lang='lat' dir='ltr'>incipit:</span> <span class='ocrx_word' id='word_1_88' title='bbox 549 2445 604 2496; x_wconf 86' lang='lat' dir='ltr'>«In</span> <span class='ocrx_word' id='word_1_89' title='bbox 619 2445 733 2497; x_wconf 89' lang='lat' dir='ltr'>nomine</span> <span class='ocrx_word' id='word_1_90' title='bbox 750 2444 872 2507; x_wconf 90' lang='lat' dir='ltr'>Domini,</span> <span class='ocrx_word' id='word_1_91' title='bbox 888 2460 960 2496; x_wconf 86' lang='lat' dir='ltr'>anno</span> <span class='ocrx_word' id='word_1_92' title='bbox 977 2444 1099 2497; x_wconf 88' lang='lat' dir='ltr'>eiusdem</span> <span class='ocrx_word' id='word_1_93' title='bbox 1113 2445 1238 2498; x_wconf 82' lang='lat' dir='ltr'>n⁰cc⁰xx</span> <span class='ocrx_word' id='word_1_94' title='bbox 1248 2444 1374 2513; x_wconf 90' lang='lat' dir='ltr'>septimo,</span> 
     </span>
     <span class='ocr_line' id='line_1_16' title="bbox 251 2530 1409 2603; baseline 0.001 -20"><span class='ocrx_word' id='word_1_95' title='bbox 251 2530 294 2583; x_wconf 91' lang='lat' dir='ltr'>die</span> <span class='ocrx_word' id='word_1_96' title='bbox 313 2530 341 2584; x_wconf 92' lang='lat' dir='ltr'>S.</span> <span class='ocrx_word' id='word_1_97' title='bbox 360 2531 478 2598; x_wconf 88' lang='lat' dir='ltr'>Martini,</span> <span class='ocrx_word' id='word_1_98' title='bbox 498 2533 607 2586; x_wconf 85' lang='lat' dir='ltr'>abbates</span> <span class='ocrx_word' id='word_1_99' title='bbox 627 2546 654 2585; x_wconf 90' lang='lat' dir='ltr'>et</span> <span class='ocrx_word' id='word_1_100' title='bbox 674 2535 776 2602; x_wconf 84' lang='lat' dir='ltr'>priores</span> <span class='ocrx_word' id='word_1_101' title='bbox 795 2532 907 2586; x_wconf 86' lang='lat' dir='ltr'>Ordinis</span> <span class='ocrx_word' id='word_1_102' title='bbox 927 2532 1019 2585; x_wconf 86' lang='lat' dir='ltr'>Sancti</span> <span class='ocrx_word' id='word_1_103' title='bbox 1042 2532 1179 2585; x_wconf 86' lang='lat' dir='ltr'>Benedicti</span> <span class='ocrx_word' id='word_1_104' title='bbox 1201 2549 1248 2603; x_wconf 88' lang='lat' dir='ltr'>per</span> <span class='ocrx_word' id='word_1_105' title='bbox 1267 2533 1373 2603; x_wconf 86' lang='lat' dir='ltr'>Arago-</span> <span class='ocrx_word' id='word_1_106' title='bbox 1401 2570 1409 2579; x_wconf 74' lang='grc'><em>.</em></span> 
     </span>
     <span class='ocr_line' id='line_1_17' title="bbox 251 2621 797 2689; baseline 0.005 -17"><span class='ocrx_word' id='word_1_107' title='bbox 251 2636 363 2673; x_wconf 90' lang='lat' dir='ltr'>nensem</span> <span class='ocrx_word' id='word_1_108' title='bbox 384 2621 550 2689; x_wconf 89' lang='lat' dir='ltr'>provinciam</span> <span class='ocrx_word' id='word_1_109' title='bbox 571 2622 725 2675; x_wconf 87' lang='lat' dir='ltr'>constituti.</span> <span class='ocrx_word' id='word_1_110' title='bbox 738 2662 743 2674; x_wconf 95' lang='lat'><strong><em>.</em></strong></span> <span class='ocrx_word' id='word_1_111' title='bbox 755 2663 761 2676; x_wconf 93' lang='lat'>.</span> <span class='ocrx_word' id='word_1_112' title='bbox 772 2642 797 2675; x_wconf 73' lang='lat' dir='ltr'>a.</span> 
     </span>
    </p>

    <p class='ocr_par' dir='ltr' id='par_1_8' title="bbox 321 2709 1022 2782">
     <span class='ocr_line' id='line_1_18' title="bbox 321 2709 1022 2782; baseline 0.001 -19"><span class='ocrx_word' id='word_1_113' title='bbox 321 2709 348 2763; x_wconf 85' lang='lat' dir='ltr'>ff.</span> <span class='ocrx_word' id='word_1_114' title='bbox 371 2726 450 2781; x_wconf 76' lang='lat'>3-34:</span> <span class='ocrx_word' id='word_1_115' title='bbox 471 2710 570 2782; x_wconf 86' lang='lat' dir='ltr'>Incipit</span> <span class='ocrx_word' id='word_1_116' title='bbox 589 2711 670 2765; x_wconf 90' lang='lat' dir='ltr'>Liber</span> <span class='ocrx_word' id='word_1_117' title='bbox 689 2713 721 2764; x_wconf 93' lang='lat' dir='ltr'>de</span> <span class='ocrx_word' id='word_1_118' title='bbox 741 2711 819 2780; x_wconf 88' lang='lat' dir='ltr'>penis</span> <span class='ocrx_word' id='word_1_119' title='bbox 838 2709 1022 2764; x_wconf 84' lang='lat' dir='ltr'>infernalibus.</span> 
     </span>
    </p>

    <p class='ocr_par' dir='ltr' id='par_1_9' title="bbox 252 2798 1373 3043">
     <span class='ocr_line' id='line_1_19' title="bbox 323 2798 1372 2870; baseline 0 -17"><span class='ocrx_word' id='word_1_120' title='bbox 323 2798 350 2853; x_wconf 82' lang='lat' dir='ltr'>ff.</span> <span class='ocrx_word' id='word_1_121' title='bbox 372 2814 487 2870; x_wconf 81' lang='lat'>35-105:</span> <span class='ocrx_word' id='word_1_122' title='bbox 506 2800 604 2870; x_wconf 90' lang='lat' dir='ltr'>Incipit</span> <span class='ocrx_word' id='word_1_123' title='bbox 623 2800 699 2853; x_wconf 91' lang='lat' dir='ltr'>Liber</span> <span class='ocrx_word' id='word_1_124' title='bbox 717 2811 858 2870; x_wconf 88' lang='lat' dir='ltr'>gestorum</span> <span class='ocrx_word' id='word_1_125' title='bbox 879 2799 1005 2852; x_wconf 87' lang='lat' dir='ltr'>Barlaam</span> <span class='ocrx_word' id='word_1_126' title='bbox 1026 2811 1052 2853; x_wconf 91' lang='lat' dir='ltr'>et</span> <span class='ocrx_word' id='word_1_127' title='bbox 1070 2799 1211 2869; x_wconf 85' lang='lat' dir='ltr'>Yosaphat</span> <span class='ocrx_word' id='word_1_128' title='bbox 1230 2817 1372 2854; x_wconf 88' lang='lat' dir='ltr'>servorum</span> 
     </span>
     <span class='ocr_line' id='line_1_20' title="bbox 252 2888 1373 2956; baseline 0.003 -17"><span class='ocrx_word' id='word_1_129' title='bbox 252 2888 313 2951; x_wconf 88' lang='lat' dir='ltr'>Dei,</span> <span class='ocrx_word' id='word_1_130' title='bbox 328 2905 410 2956; x_wconf 88' lang='lat' dir='ltr'>greco</span> <span class='ocrx_word' id='word_1_131' title='bbox 425 2905 553 2942; x_wconf 88' lang='lat' dir='ltr'>sermone</span> <span class='ocrx_word' id='word_1_132' title='bbox 568 2889 655 2942; x_wconf 90' lang='lat' dir='ltr'>editus</span> <span class='ocrx_word' id='word_1_133' title='bbox 674 2906 689 2941; x_wconf 89' lang='lat' dir='ltr'>a</span> <span class='ocrx_word' id='word_1_134' title='bbox 710 2888 833 2942; x_wconf 86' lang='lat' dir='ltr'>Iohanne</span> <span class='ocrx_word' id='word_1_135' title='bbox 849 2888 1022 2941; x_wconf 87' lang='lat' dir='ltr'>Damasceno</span> <span class='ocrx_word' id='word_1_136' title='bbox 1038 2890 1097 2941; x_wconf 87' lang='lat' dir='ltr'>viro</span> <span class='ocrx_word' id='word_1_137' title='bbox 1112 2902 1208 2941; x_wconf 86' lang='lat' dir='ltr'>sancto</span> <span class='ocrx_word' id='word_1_138' title='bbox 1225 2901 1251 2941; x_wconf 86' lang='lat' dir='ltr'>et</span> <span class='ocrx_word' id='word_1_139' title='bbox 1267 2889 1373 2942; x_wconf 87' lang='lat' dir='ltr'>erudito</span> 
     </span>
     <span class='ocr_line' id='line_1_21' title="bbox 252 2976 478 3043; baseline 0.018 -18"><span class='ocrx_word' id='word_1_140' title='bbox 252 2976 354 3043; x_wconf 77' lang='lat' dir='ltr'>(tersio</span> <span class='ocrx_word' id='word_1_141' title='bbox 374 2976 478 3043; x_wconf 83' lang='lat' dir='ltr'>latina).</span> 
     </span>
    </p>

    <p class='ocr_par' dir='ltr' id='par_1_10' title="bbox 252 3058 1374 3207">
     <span class='ocr_line' id='line_1_22' title="bbox 324 3058 1374 3134; baseline 0.001 -17"><span class='ocrx_word' id='word_1_142' title='bbox 324 3064 349 3117; x_wconf 80' lang='lat' dir='ltr'>ff.</span> <span class='ocrx_word' id='word_1_143' title='bbox 369 3080 501 3133; x_wconf 78' lang='lat'>105-142:</span> <span class='ocrx_word' id='word_1_144' title='bbox 521 3058 564 3118; x_wconf 83' lang='lat' dir='ltr'>Dc</span> <span class='ocrx_word' id='word_1_145' title='bbox 576 3065 689 3119; x_wconf 89' lang='lat' dir='ltr'>residuis</span> <span class='ocrx_word' id='word_1_146' title='bbox 703 3065 773 3118; x_wconf 86' lang='lat' dir='ltr'>vitae</span> <span class='ocrx_word' id='word_1_147' title='bbox 788 3065 898 3118; x_wconf 87' lang='lat' dir='ltr'>Ioannis</span> <span class='ocrx_word' id='word_1_148' title='bbox 912 3065 1161 3119; x_wconf 77' lang='lat' dir='ltr'>Alexandrinorum</span> <span class='ocrx_word' id='word_1_149' title='bbox 1176 3065 1313 3120; x_wconf 84' lang='lat' dir='ltr'>Antistitis</span> <span class='ocrx_word' id='word_1_150' title='bbox 1328 3081 1374 3134; x_wconf 90' lang='lat' dir='ltr'>per</span> 
     </span>
     <span class='ocr_line' id='line_1_23' title="bbox 252 3152 1027 3207; baseline -0.001 -1"><span class='ocrx_word' id='word_1_151' title='bbox 252 3153 402 3206; x_wconf 90' lang='lat' dir='ltr'>Leoncium</span> <span class='ocrx_word' id='word_1_152' title='bbox 422 3152 517 3207; x_wconf 83' lang='lat' dir='ltr'>factae.</span> <span class='ocrx_word' id='word_1_153' title='bbox 555 3154 618 3206; x_wconf 93' lang='lat' dir='ltr'>Vita</span> <span class='ocrx_word' id='word_1_154' title='bbox 638 3154 730 3206; x_wconf 85' lang='lat' dir='ltr'>Sancti</span> <span class='ocrx_word' id='word_1_155' title='bbox 752 3153 886 3206; x_wconf 88' lang='lat' dir='ltr'>Brendani</span> <span class='ocrx_word' id='word_1_156' title='bbox 906 3153 1027 3206; x_wconf 84' lang='lat' dir='ltr'>Abbatis.</span> 
     </span>
    </p>

    <p class='ocr_par' dir='ltr' id='par_1_11' title="bbox 323 3239 1173 3311">
     <span class='ocr_line' id='line_1_24' title="bbox 323 3239 1173 3311; baseline 0 -17"><span class='ocrx_word' id='word_1_157' title='bbox 323 3240 349 3294; x_wconf 86' lang='lat' dir='ltr'>ff.</span> <span class='ocrx_word' id='word_1_158' title='bbox 373 3243 504 3311; x_wconf 81' lang='lat'>143-178:</span> <span class='ocrx_word' id='word_1_159' title='bbox 525 3241 587 3295; x_wconf 89' lang='lat' dir='ltr'>Vita</span> <span class='ocrx_word' id='word_1_160' title='bbox 609 3242 702 3294; x_wconf 82' lang='lat' dir='ltr'>Sancti</span> <span class='ocrx_word' id='word_1_161' title='bbox 722 3242 867 3294; x_wconf 79' lang='lat' dir='ltr'>Francisci.</span> <span class='ocrx_word' id='word_1_162' title='bbox 905 3239 1020 3310; x_wconf 86' lang='lat' dir='ltr'>Explicit</span> <span class='ocrx_word' id='word_1_163' title='bbox 1040 3239 1057 3292; x_wconf 82' lang='lat' dir='ltr'>I.</span> <span class='ocrx_word' id='word_1_164' title='bbox 1081 3242 1129 3307; x_wconf 89' lang='lat'>178</span> <span class='ocrx_word' id='word_1_165' title='bbox 1150 3258 1173 3294; x_wconf 86' lang='lat' dir='ltr'>a.</span> 
     </span>
    </p>
   </div>
   <div class='ocr_carea' id='block_1_7' title="bbox 252 3388 1373 3584">
    <p class='ocr_par' dir='ltr' id='par_1_12' title="bbox 252 3388 1373 3584">
     <span class='ocr_line' id='line_1_25' title="bbox 319 3388 1373 3478; baseline -0.002 -22"><span class='ocrx_word' id='word_1_166' title='bbox 319 3389 434 3457; x_wconf 87' lang='lat' dir='ltr'>Codex</span> <span class='ocrx_word' id='word_1_167' title='bbox 458 3390 509 3457; x_wconf 86' lang='lat' dir='ltr'>illc</span> <span class='ocrx_word' id='word_1_168' title='bbox 534 3413 617 3458; x_wconf 91' lang='lat' dir='ltr'>unus</span> <span class='ocrx_word' id='word_1_169' title='bbox 642 3408 747 3457; x_wconf 87' lang='lat' dir='ltr'>estex</span> <span class='ocrx_word' id='word_1_170' title='bbox 767 3389 1000 3478; x_wconf 80' lang='lat' dir='ltr'>antiquioribus</span> <span class='ocrx_word' id='word_1_171' title='bbox 1023 3388 1194 3477; x_wconf 91' lang='lat' dir='ltr'>inquibus</span> <span class='ocrx_word' id='word_1_172' title='bbox 1219 3388 1373 3477; x_wconf 87' lang='lat' dir='ltr'>Legenda</span> 
     </span>
     <span class='ocr_line' id='line_1_26' title="bbox 252 3493 1373 3584; baseline -0.002 -21"><span class='ocrx_word' id='word_1_173' title='bbox 252 3497 359 3563; x_wconf 88' lang='lat' dir='ltr'>Sancti</span> <span class='ocrx_word' id='word_1_174' title='bbox 373 3498 531 3564; x_wconf 88' lang='lat' dir='ltr'>Francisci</span> <span class='ocrx_word' id='word_1_175' title='bbox 547 3499 719 3578; x_wconf 87' lang='lat' dir='ltr'>invenitur,</span> <span class='ocrx_word' id='word_1_176' title='bbox 733 3517 764 3564; x_wconf 91' lang='lat' dir='ltr'>at</span> <span class='ocrx_word' id='word_1_177' title='bbox 780 3498 890 3563; x_wconf 88' lang='lat' dir='ltr'>nescio</span> <span class='ocrx_word' id='word_1_178' title='bbox 907 3518 973 3584; x_wconf 89' lang='lat' dir='ltr'>quo</span> <span class='ocrx_word' id='word_1_179' title='bbox 989 3493 1201 3563; x_wconf 86' lang='lat' dir='ltr'>fundamento</span> <span class='ocrx_word' id='word_1_180' title='bbox 1217 3493 1288 3562; x_wconf 84' lang='lat' dir='ltr'>fulti</span> <span class='ocrx_word' id='word_1_181' title='bbox 1304 3497 1373 3584; x_wconf 89' lang='lat' dir='ltr'>qui-</span> 
     </span>
    </p>
   </div>
   <div class='ocr_carea' id='block_1_8' title="bbox 251 3689 1376 4469">
    <p class='ocr_par' dir='ltr' id='par_1_13' title="bbox 251 3689 1376 4469">
     <span class='ocr_line' id='line_1_27' title="bbox 323 3689 1374 3762; baseline -0.003 -19"><span class='ocrx_word' id='word_1_182' title='bbox 323 3693 366 3759; x_wconf 88' lang='lat'>(1)</span> <span class='ocrx_word' id='word_1_183' title='bbox 386 3692 582 3745; x_wconf 83' lang='lat' dir='ltr'>Monasterium</span> <span class='ocrx_word' id='word_1_184' title='bbox 603 3693 720 3746; x_wconf 88' lang='lat' dir='ltr'>Sanctae</span> <span class='ocrx_word' id='word_1_185' title='bbox 740 3692 844 3745; x_wconf 84' lang='lat' dir='ltr'>Mariae</span> <span class='ocrx_word' id='word_1_186' title='bbox 862 3701 1007 3762; x_wconf 87' lang='lat' dir='ltr'>perpetuae</span> <span class='ocrx_word' id='word_1_187' title='bbox 1027 3690 1157 3760; x_wconf 82' lang='lat' dir='ltr'>Virginis,</span> <span class='ocrx_word' id='word_1_188' title='bbox 1173 3690 1286 3745; x_wconf 85' lang='lat' dir='ltr'>Ordinis</span> <span class='ocrx_word' id='word_1_189' title='bbox 1306 3689 1374 3741; x_wconf 89' lang='lat' dir='ltr'>San·</span> 
     </span>
     <span class='ocr_line' id='line_1_28' title="bbox 252 3778 1374 3850; baseline -0.003 -18"><span class='ocrx_word' id='word_1_190' title='bbox 252 3781 288 3832; x_wconf 92' lang='lat' dir='ltr'>cti</span> <span class='ocrx_word' id='word_1_191' title='bbox 314 3780 462 3844; x_wconf 88' lang='lat' dir='ltr'>Benedicti,</span> <span class='ocrx_word' id='word_1_192' title='bbox 481 3781 606 3835; x_wconf 87' lang='lat' dir='ltr'>territorii</span> <span class='ocrx_word' id='word_1_193' title='bbox 631 3780 834 3850; x_wconf 84' lang='lat' dir='ltr'>Rivipullensis,</span> <span class='ocrx_word' id='word_1_194' title='bbox 854 3780 984 3832; x_wconf 85' lang='lat' dir='ltr'>dioecesis</span> <span class='ocrx_word' id='word_1_195' title='bbox 1003 3781 1173 3832; x_wconf 84' lang='lat' dir='ltr'>Ausonensis</span> <span class='ocrx_word' id='word_1_196' title='bbox 1193 3778 1293 3846; x_wconf 75' lang='lat' dir='ltr'>(Vici),</span> <span class='ocrx_word' id='word_1_197' title='bbox 1318 3793 1374 3831; x_wconf 92' lang='lat' dir='ltr'>ere-</span> 
     </span>
     <span class='ocr_line' id='line_1_29' title="bbox 253 3867 1373 3941; baseline -0.002 -20"><span class='ocrx_word' id='word_1_198' title='bbox 253 3881 327 3921; x_wconf 89' lang='lat' dir='ltr'>ctum</span> <span class='ocrx_word' id='word_1_199' title='bbox 340 3870 389 3922; x_wconf 86' lang='lat' dir='ltr'>Iuit</span> <span class='ocrx_word' id='word_1_200' title='bbox 401 3886 474 3923; x_wconf 84' lang='lat' dir='ltr'>anno</span> <span class='ocrx_word' id='word_1_201' title='bbox 489 3870 540 3923; x_wconf 91' lang='lat'>888</span> <span class='ocrx_word' id='word_1_202' title='bbox 550 3870 743 3938; x_wconf 70' lang='lat' dir='ltr'>(Cantatum,</span> <span class='ocrx_word' id='word_1_203' title='bbox 758 3870 1042 3941; x_wconf 77' lang='lat' dir='ltr'>Topo-Bibliograpbic,</span> <span class='ocrx_word' id='word_1_204' title='bbox 1054 3887 1076 3922; x_wconf 90' lang='lat' dir='ltr'>c.</span> <span class='ocrx_word' id='word_1_205' title='bbox 1088 3870 1178 3938; x_wconf 83' lang='lat'>2559).</span> <span class='ocrx_word' id='word_1_206' title='bbox 1217 3867 1373 3922; x_wconf 87' lang='lat' dir='ltr'>Occasione</span> 
     </span>
     <span class='ocr_line' id='line_1_30' title="bbox 253 3955 1374 4028; baseline -0.003 -18"><span class='ocrx_word' id='word_1_207' title='bbox 253 3957 429 4012; x_wconf 89' lang='lat' dir='ltr'>dedicationis</span> <span class='ocrx_word' id='word_1_208' title='bbox 448 3958 587 4024; x_wconf 89' lang='lat' dir='ltr'>ecclesiae,</span> <span class='ocrx_word' id='word_1_209' title='bbox 610 3975 637 4026; x_wconf 84' lang='lat'>¹5</span> <span class='ocrx_word' id='word_1_210' title='bbox 660 3960 711 4012; x_wconf 82' lang='lat' dir='ltr'>ian.</span> <span class='ocrx_word' id='word_1_211' title='bbox 733 3974 810 4028; x_wconf 79' lang='lat'>1032,</span> <span class='ocrx_word' id='word_1_212' title='bbox 826 3958 932 4011; x_wconf 89' lang='lat' dir='ltr'>habitus</span> <span class='ocrx_word' id='word_1_213' title='bbox 951 3971 992 4011; x_wconf 89' lang='lat' dir='ltr'>est</span> <span class='ocrx_word' id='word_1_214' title='bbox 1008 3970 1157 4010; x_wconf 86' lang='lat' dir='ltr'>conventus</span> <span class='ocrx_word' id='word_1_215' title='bbox 1177 3955 1374 4028; x_wconf 85' lang='lat' dir='ltr'>Episcoporum</span> 
     </span>
     <span class='ocr_line' id='line_1_31' title="bbox 251 4044 1376 4116; baseline -0.001 -18"><span class='ocrx_word' id='word_1_216' title='bbox 251 4045 279 4098; x_wconf 87' lang='lat' dir='ltr'>in</span> <span class='ocrx_word' id='word_1_217' title='bbox 295 4046 367 4099; x_wconf 90' lang='lat' dir='ltr'>dicto</span> <span class='ocrx_word' id='word_1_218' title='bbox 383 4047 550 4100; x_wconf 86' lang='lat' dir='ltr'>monasterio</span> <span class='ocrx_word' id='word_1_219' title='bbox 566 4047 680 4116; x_wconf 66' lang='lat' dir='ltr'>(Linon,</span> <span class='ocrx_word' id='word_1_220' title='bbox 697 4047 834 4101; x_wconf 79' lang='lat' dir='ltr'>Corrciiior.</span> <span class='ocrx_word' id='word_1_221' title='bbox 852 4045 961 4111; x_wconf 67' lang='lat' dir='ltr'>Collati,</span> <span class='ocrx_word' id='word_1_222' title='bbox 977 4046 1018 4099; x_wconf 87' lang='lat' dir='ltr'>ed.</span> <span class='ocrx_word' id='word_1_223' title='bbox 1035 4045 1132 4098; x_wconf 89' lang='lat' dir='ltr'>Venet.</span> <span class='ocrx_word' id='word_1_224' title='bbox 1151 4060 1227 4114; x_wconf 85' lang='lat'>1730,</span> <span class='ocrx_word' id='word_1_225' title='bbox 1243 4056 1311 4098; x_wconf 75' lang='lat' dir='ltr'>tom,</span> <span class='ocrx_word' id='word_1_226' title='bbox 1326 4044 1376 4109; x_wconf 81' lang='lat' dir='ltr'>xl,</span> 
     </span>
     <span class='ocr_line' id='line_1_32' title="bbox 252 4131 1375 4204; baseline -0.004 -16"><span class='ocrx_word' id='word_1_227' title='bbox 252 4153 274 4188; x_wconf 91' lang='lat' dir='ltr'>c.</span> <span class='ocrx_word' id='word_1_228' title='bbox 295 4137 383 4204; x_wconf 85' lang='lat'>1275).</span> <span class='ocrx_word' id='word_1_229' title='bbox 420 4136 552 4189; x_wconf 90' lang='lat' dir='ltr'>Incendio</span> <span class='ocrx_word' id='word_1_230' title='bbox 568 4148 701 4188; x_wconf 86' lang='lat' dir='ltr'>vastatum</span> <span class='ocrx_word' id='word_1_231' title='bbox 718 4149 757 4188; x_wconf 91' lang='lat' dir='ltr'>est</span> <span class='ocrx_word' id='word_1_232' title='bbox 774 4151 848 4187; x_wconf 86' lang='lat' dir='ltr'>anno</span> <span class='ocrx_word' id='word_1_233' title='bbox 867 4136 930 4204; x_wconf 83' lang='lat'>1835</span> <span class='ocrx_word' id='word_1_234' title='bbox 950 4148 975 4188; x_wconf 91' lang='lat' dir='ltr'>et</span> <span class='ocrx_word' id='word_1_235' title='bbox 991 4147 1056 4188; x_wconf 90' lang='lat' dir='ltr'>tunc</span> <span class='ocrx_word' id='word_1_236' title='bbox 1076 4150 1124 4202; x_wconf 82' lang='lat'>233</span> <span class='ocrx_word' id='word_1_237' title='bbox 1143 4132 1252 4186; x_wconf 90' lang='lat' dir='ltr'>codices</span> <span class='ocrx_word' id='word_1_238' title='bbox 1268 4150 1283 4186; x_wconf 88' lang='lat' dir='ltr'>e</span> <span class='ocrx_word' id='word_1_239' title='bbox 1299 4131 1375 4185; x_wconf 89' lang='lat' dir='ltr'>flam-</span> 
     </span>
     <span class='ocr_line' id='line_1_33' title="bbox 252 4218 1374 4293; baseline -0.003 -18"><span class='ocrx_word' id='word_1_240' title='bbox 252 4224 304 4276; x_wconf 79' lang='lat' dir='ltr'>inis</span> <span class='ocrx_word' id='word_1_241' title='bbox 324 4223 408 4293; x_wconf 89' lang='lat' dir='ltr'>erepti</span> <span class='ocrx_word' id='word_1_242' title='bbox 427 4235 497 4287; x_wconf 91' lang='lat' dir='ltr'>sunt,</span> <span class='ocrx_word' id='word_1_243' title='bbox 517 4240 634 4293; x_wconf 90' lang='lat' dir='ltr'>quorum</span> <span class='ocrx_word' id='word_1_244' title='bbox 660 4224 745 4276; x_wconf 85' lang='lat' dir='ltr'>maior</span> <span class='ocrx_word' id='word_1_245' title='bbox 765 4239 826 4293; x_wconf 89' lang='lat' dir='ltr'>pars</span> <span class='ocrx_word' id='word_1_246' title='bbox 846 4222 873 4274; x_wconf 92' lang='lat' dir='ltr'>in</span> <span class='ocrx_word' id='word_1_247' title='bbox 894 4222 1016 4275; x_wconf 89' lang='lat' dir='ltr'>Archivo</span> <span class='ocrx_word' id='word_1_248' title='bbox 1036 4222 1126 4292; x_wconf 90' lang='lat' dir='ltr'>Regni</span> <span class='ocrx_word' id='word_1_249' title='bbox 1148 4223 1305 4292; x_wconf 87' lang='lat' dir='ltr'>Aragoniae</span> <span class='ocrx_word' id='word_1_250' title='bbox 1324 4218 1374 4272; x_wconf 80' lang='lat' dir='ltr'>suit</span> 
     </span>
     <span class='ocr_line' id='line_1_34' title="bbox 252 4309 1374 4382; baseline -0.002 -18"><span class='ocrx_word' id='word_1_251' title='bbox 252 4312 369 4382; x_wconf 88' lang='lat' dir='ltr'>reposita</span> <span class='ocrx_word' id='word_1_252' title='bbox 385 4310 420 4378; x_wconf 92' lang='lat' dir='ltr'>(I.</span> <span class='ocrx_word' id='word_1_253' title='bbox 436 4310 550 4375; x_wconf 72' lang='lat' dir='ltr'>Canini,</span> <span class='ocrx_word' id='word_1_254' title='bbox 567 4312 611 4366; x_wconf 84' lang='lat' dir='ltr'>Gli</span> <span class='ocrx_word' id='word_1_255' title='bbox 629 4312 729 4365; x_wconf 78' lang='lat' dir='ltr'>archivi</span> <span class='ocrx_word' id='word_1_256' title='bbox 742 4330 753 4365; x_wconf 83' lang='lat' dir='ltr'>e</span> <span class='ocrx_word' id='word_1_257' title='bbox 767 4312 788 4364; x_wconf 74' lang='lat' dir='ltr'>b</span> <span class='ocrx_word' id='word_1_258' title='bbox 802 4312 944 4365; x_wconf 75' lang='lat' dir='ltr'>biIrIioIecbc</span> <span class='ocrx_word' id='word_1_259' title='bbox 957 4311 983 4364; x_wconf 89' lang='lat' dir='ltr'>di</span> <span class='ocrx_word' id='word_1_260' title='bbox 995 4312 1095 4382; x_wconf 82' lang='lat' dir='ltr'>Spagna</span> <span class='ocrx_word' id='word_1_261' title='bbox 1106 4351 1113 4364; x_wconf 89' lang='lat'><strong>.</strong></span> <span class='ocrx_word' id='word_1_262' title='bbox 1125 4350 1149 4365; x_wconf 92' lang='lat'>..</span> <span class='ocrx_word' id='word_1_263' title='bbox 1166 4310 1243 4363; x_wconf 87' lang='lat' dir='ltr'>Parte</span> <span class='ocrx_word' id='word_1_264' title='bbox 1257 4309 1278 4372; x_wconf 87' lang='lat'>1,</span> <span class='ocrx_word' id='word_1_265' title='bbox 1292 4326 1317 4379; x_wconf 94' lang='lat' dir='ltr'>p.</span> <span class='ocrx_word' id='word_1_266' title='bbox 1332 4324 1374 4378; x_wconf 89' lang='lat'>27.</span> 
     </span>
     <span class='ocr_line' id='line_1_35' title="bbox 252 4400 491 4469; baseline 0.004 -17"><span class='ocrx_word' id='word_1_267' title='bbox 252 4400 380 4452; x_wconf 88' lang='lat' dir='ltr'>Palermo</span> <span class='ocrx_word' id='word_1_268' title='bbox 403 4400 491 4469; x_wconf 83' lang='lat'>1884).</span> 
     </span>
    </p>
   </div>
   <div class='ocr_carea' id='block_1_9' title="bbox 0 0 1582 4875">
    <p class='ocr_par' dir='ltr' id='par_1_14' title="bbox 0 0 1582 4875">
     <span class='ocr_line' id='line_1_36' title="bbox 0 0 1582 4875; baseline 0 0"><span class='ocrx_word' id='word_1_269' title='bbox 0 0 1582 4875; x_wconf 95' lang='lat' dir='ltr'> </span> 
     </span>
    </p>
   </div>
  </div>
 </body>
</html>
