3142 4875
246 567 350 645 divit.
404 566 459 639 At
478 566 538 640 ille
558 592 801 665 consurgens,
823 567 1016 640 custodem
1032 568 1231 650 advocans
1250 568 1362 639 dixit:

246 673 372 746 Nimio
392 689 532 747 terrore
553 674 759 770 perturbor,
786 673 963 770 quoniam
988 674 1097 746 adest
1116 675 1277 770 quidam,
1301 675 1364 771 qui

247 805 307 854 me
342 805 500 878 surgere
538 781 639 853 iubet
667 796 705 853 et
733 797 903 854 sanctum
943 780 1184 853 Franciscum
1210 785 1254 854 ‘se
1282 806 1367 854 esse

246 886 345 960 dicit.
404 887 542 961 Custos
570 905 695 960 autem
725 886 774 959 illi
804 887 1017 984 respondit:
1050 888 1144 972 lace,
1176 888 1299 972 miser,
1330 889 1366 960 in

245 1019 338 1090 pace
367 1009 405 1066 et
432 993 563 1067 dormi.
621 994 764 1066 lnsanis
793 994 904 1072 enim,
936 994 1022 1090 quia
1042 1018 1117 1066 non
1137 995 1234 1067 bene
1255 996 1368 1068 hodie
1402 1003 1415 1064 5

246 1099 489 1174 manducasti.
548 1099 688 1173 Verum
718 1126 802 1173 cum
832 1116 982 1174 sanctus
1012 1099 1084 1173 Dei
1112 1102 1235 1174 adhuc
1256 1100 1305 1174 illi
1327 1118 1367 1173 ut

245 1223 416 1304 surgeret
445 1208 655 1304 imperaret,
678 1207 904 1280 adveniente
928 1208 1000 1281 iam
1021 1207 1186 1290 meridie,
1219 1208 1367 1280 vincula

244 1315 382 1410 pedum
421 1340 573 1387 suorum
612 1314 800 1387 confracta
838 1340 951 1411 super
992 1330 1128 1387 terram
1170 1316 1367 1411 conspexit

244 1420 421 1494 velociter
450 1420 640 1494 cecidisse.
698 1420 747 1492 Et
776 1445 979 1494 conversus
1007 1421 1055 1493 ad
1084 1446 1284 1505 carcerem,
1317 1424 1366 1494 vi-

245 1528 358 1600 debat
386 1527 532 1601 tabulas
560 1528 673 1600 clavis
712 1527 809 1601 ultro
845 1528 1122 1624 prosilientibus
1151 1527 1297 1626 aperiri,
1327 1547 1367 1602 et
1400 1534 1439 1580 ¹⁰

245 1651 415 1730 apertum
444 1636 514 1707 iter
541 1635 610 1706 sibi
647 1634 695 1706 ad
723 1634 939 1707 exeundum
972 1635 1154 1731 praeberi.
1213 1634 1367 1708 Solutus

245 1742 314 1824 ille,
333 1743 614 1838 obstupefactus
642 1742 773 1839 sugere
813 1742 1012 1822 nesciebat,
1044 1742 1111 1814 sed
1140 1743 1188 1815 ad
1217 1742 1365 1816 ianuam

245 1837 409 1920 clamans
438 1850 612 1922 custodes
641 1874 773 1920 omnes
801 1848 1010 1944 perterruit.
1070 1848 1144 1942 Qui
1175 1875 1259 1922 cum
1279 1875 1366 1923 eum

245 1955 439 2028 liberatum
476 1981 499 2028 a
535 1955 691 2028 vinculis
719 1954 910 2053 Episcopo
949 1954 1189 2039 nuntiassent,
1230 1975 1367 2054 putans

244 2061 344 2134 illum
374 2061 515 2160 fugisse
534 2062 755 2159 Episcopus
779 2062 944 2134 nondum
964 2062 1092 2135 audito
1113 2061 1300 2146 miraculo,
1318 2064 1366 2136 de
1401 2074 1436 2138 15

244 2169 327 2241 loco
355 2167 391 2241 in
421 2195 495 2265 quo
524 2170 690 2252 sedebat,
727 2167 860 2241 timore
896 2194 1106 2264 percussus,
1146 2170 1234 2266 quia
1266 2169 1367 2242 infir·

244 2302 326 2348 mus
342 2276 470 2358 suerat,
489 2275 634 2348 cecidit.
683 2274 759 2348 Sed
775 2300 859 2347 cum
876 2275 927 2347 rei
944 2274 1113 2348 ordinem
1126 2275 1361 2374 intelligeret,

243 2382 291 2455 ad
320 2407 509 2456 carcerem
538 2384 696 2456 devotus
724 2382 898 2465 accessit,
922 2398 959 2454 et
979 2383 1175 2457 manifeste
1198 2383 1271 2456 Dei
1292 2383 1366 2458 vir-

244 2505 361 2561 tutem
382 2515 627 2588 cognoscens,
651 2490 789 2562 ibidem
812 2488 1018 2562 Dominum
1038 2490 1218 2564 adoravit.
1277 2492 1367 2563 Vin-

246 2595 327 2668 cula
364 2596 526 2692 denique
559 2621 686 2669 coram
724 2596 877 2670 domino
909 2598 1009 2694 Papa
1037 2614 1076 2669 et
1104 2597 1365 2672 Cardinalibus
1396 2607 1439 2653 2⁰

245 2702 368 2775 delata
397 2704 555 2775 luerunt.
614 2703 689 2796 Qui
717 2704 889 2776 videntes
926 2704 1027 2800 quod
1066 2705 1202 2778 lactum
1231 2706 1363 2789 iuerat,

245 2808 441 2906 plurimum
470 2809 640 2882 admirati
670 2809 943 2883 benedixerunt
971 2811 1130 2884 Deum„

325 2939 386 3007 94.
417 2915 663 2988 Guidaloctus
692 2917 739 2989 de
768 2916 908 2989 Sancto
928 2917 1153 2990 Geminiano
1182 2917 1274 2991 salso
1302 2944 1367 2991 ac-

245 3040 394 3096 cusatus
422 3024 490 3095 suit
523 3023 624 3119 quod
661 3048 808 3096 veneno
847 3024 1125 3122 inter[e]merat
1161 3025 1363 3120 quemdam

243 3130 372 3213 virum,
406 3149 443 3202 et
463 3131 562 3226 quod
593 3129 725 3202 iterum
746 3132 793 3202 de
815 3155 960 3202 veneno
980 3131 1113 3204 eodem
1136 3131 1249 3204 lilium
1270 3132 1363 3205 eius·
1394 3138 1434 3204 25

245 3239 330 3309 dem
367 3236 433 3309 viri
471 3254 508 3310 et
541 3237 752 3309 universam
791 3235 966 3309 familiam
1004 3237 1084 3311 eius
1116 3256 1365 3336 proposuerat

244 3369 411 3416 enecare.
472 3344 614 3441 Captus
652 3343 809 3439 proinde
837 3368 860 3415 a
888 3362 1074 3440 potestate
1111 3364 1242 3429 terrae,
1280 3372 1361 3443 gra·

244 3451 402 3523 vissimis
432 3451 587 3524 vinculis
615 3467 856 3548 aggravatus,
879 3452 914 3523 in
943 3452 1143 3547 quamdam
1173 3453 1362 3526 ruinosam

243 3558 372 3630 turrim
410 3557 578 3630 deiectus
615 3573 682 3629 est.
740 3557 993 3653 Excogitante
1025 3557 1139 3654 igitur
1175 3575 1363 3655 potestate

244 3663 416 3761 qualibus
452 3665 583 3760 poenis
621 3665 740 3761 ipsum
781 3666 921 3737 laceret
957 3663 1118 3751 interire,
1153 3684 1193 3737 ut
1221 3666 1362 3739 crimen
1394 3672 1439 3737 30

243 3772 430 3844 obiectum
473 3771 625 3844 eliceret
665 3796 733 3869 per
769 3789 967 3853 tormenta,
1007 3771 1167 3868 equuleo
1210 3773 1362 3846 volubili

243 3879 394 3952 tandem
433 3878 533 3951 illum
572 3878 749 3975 suspendi
788 3879 988 3975 praecepit.
1052 3876 1188 3974 Sicque
1226 3904 1362 3977 aggra-

241 4012 333 4058 vans
362 4012 474 4082 super
512 4011 596 4057 eum
627 3985 740 4058 multa
770 3986 939 4081 pondera
967 3985 1063 4068 ferri,
1094 3985 1143 4058 ad
1171 3986 1361 4059 defectum

241 4119 358 4190 usque
389 4090 574 4189 perduxit.
630 4092 772 4165 Pluries
800 4118 884 4164 eum
919 4090 1024 4163 iussit
1062 4092 1199 4189 deponi
1229 4111 1267 4166 et
1295 4093 1361 4167 ite·

312 4300 336 4338 2.
357 4286 403 4337 Fri
422 4285 522 4336 timore
603 4287 628 4339 8.
649 4286 695 4338 Fr
715 4285 830 4354 respexit
919 4286 957 4336 16.
969 4285 1016 4337 ΡΑ
1034 4284 1172 4353 perculsus
1247 4288 1287 4339 18.
1307 4288 1359 4340 ΡΑ

241 4364 351 4416 Domini
415 4379 511 4419 21-22.
531 4364 578 4417 Fr
599 4365 721 4417 videntes
735 4378 760 4416 et
774 4382 799 4433 q.
816 4363 832 4417 f,
847 4362 861 4416 f.
878 4363 1016 4417 audientes
1032 4365 1195 4418 admirantes
1269 4382 1310 4432 24.
1328 4366 1363 4419 M

242 4454 406 4494 interimerat
