3142 4875
600 955 867 1040 INDEX

479 1153 729 1222 Carrrmonuu
753 1152 936 1220 Lucrinis
960 1151 988 1218 I.

172 1708 301 1779 Prologus
344 1742 1113 1761 ..................
1141 1720 1203 1774 pag.
1280 1719 1291 1770 3

173 1788 193 1842 l.
211 1787 335 1853 Qualiter
358 1797 537 1841 conversatus
556 1784 591 1838 sit
609 1785 637 1836 in
657 1782 758 1848 habitu,
778 1793 805 1835 et
824 1783 917 1836 animo
936 1782 1072 1836 saeculari
1110 1824 1115 1836 .
1155 1824 1161 1836 .
1199 1824 1205 1836 .
1281 1799 1292 1852 5

173 1868 206 1923 II.
225 1868 353 1934 Qualiter
372 1867 449 1920 Deus
468 1864 587 1918 visitavit
606 1880 652 1918 cor
671 1867 727 1917 eius
755 1879 802 1934 per
820 1865 939 1933 corporis
964 1862 1151 1917 infirmitatem
1181 1875 1208 1916 et

238 1959 409 2002 nocturnam
428 1946 565 2000 visionem
580 1982 1208 1999 ...............
1282 1957 1297 2011 7

172 2027 216 2083 III.
236 2029 372 2093 Qualiter
400 2041 491 2080 mente
513 2026 560 2079 sed
589 2041 646 2078 non
673 2040 785 2095 corpore
804 2035 924 2077 mutatus
944 2024 977 2077 de
1010 2023 1142 2077 thesauro
1165 2023 1204 2076 in·

239 2119 330 2163 vento
350 2122 376 2162 et
394 2123 496 2176 sponsa
515 2105 662 2182 allegorice
680 2104 841 2175 loquebatur
887 2141 1208 2160 ........
1266 2120 1298 2158 10

174 2187 219 2245 IV.
237 2187 370 2251 Qualiter
389 2185 504 2239 venditis
524 2185 660 2252 omnibus,
678 2185 822 2254 pecuniam
842 2194 997 2254 susceptam
1017 2182 1209 2254 contempsit.
1269 2199 1298 2237 η

174 2268 205 2322 V.
225 2269 356 2333 Qualiter
372 2277 447 2337 pater
465 2266 522 2318 eius
541 2281 706 2336 persequens
724 2264 818 2335 ligavit
838 2279 902 2316 eum
935 2303 1209 2319 .......
1268 2279 1299 2329 14

175 2348 218 2402 VI.
237 2348 373 2412 Qualiter
390 2357 475 2399 mater
493 2346 550 2399 eius
569 2345 652 2399 solvit
671 2362 744 2411 eum,
758 2356 785 2398 et
800 2343 942 2415 quomodo
955 2360 1050 2397 coram
1066 2342 1207 2415 Episcopo

243 2426 337 2483 Assisi
355 2443 384 2480 se
403 2425 551 2480 denudavit
576 2464 1208 2480 ...............
1267 2440 1297 2493 17

176 2509 234 2564 VII.
252 2505 384 2571 Qualiter
401 2523 418 2559 a
436 2506 584 2559 latronibus
604 2519 698 2577 captus
716 2504 852 2576 proiectus
870 2504 920 2558 fuit
938 2506 966 2558 In
994 2504 1056 2558 nive
1086 2517 1115 2559 et
1144 2522 1209 2576 quo·

244 2587 333 2641 modo
352 2586 461 2639 servivit
479 2585 591 2656 leprosis
594 2624 1208 2641 ...............
1268 2602 1299 2657 19

176 2666 248 2721 VIII.
268 2664 425 2729 Quomodo
443 2666 590 2719 construxit
609 2665 753 2719 ecclesiam
774 2664 867 2719 Sancti
893 2664 1028 2731 Damiani,
1048 2680 1074 2718 et
1093 2665 1126 2719 de
1145 2682 1210 2719 con-

244 2748 404 2802 versatIone
423 2746 603 2799 Dominarum
621 2746 649 2798 in
669 2746 766 2799 eodem
785 2745 849 2799 Ioco
868 2744 1028 2815 degentium
1067 2787 1073 2799 .
1110 2784 1116 2799 .
1156 2786 1162 2797 .
1201 2786 1208 2801 .
1264 2761 1294 2799 21

177 2826 223 2882 IX
243 2827 406 2891 Quomodo,
426 2838 530 2880 mutato
549 2825 651 2889 habitu,
670 2823 765 2880 refecit
784 2825 927 2880 ecclesiam
941 2825 1054 2879 Sanctae
1068 2825 1170 2880 Mariae
1187 2828 1215 2878 in

248 2906 435 2971 Portiuncula,
455 2920 482 2961 et
499 2906 639 2977 quomodo
658 2906 750 2959 audito
778 2904 931 2976 evangelio,
950 2905 1051 2959 relictis
1070 2906 1210 2971 omnibus,

248 2988 374 3041 habiturn
394 3004 474 3058 quem
491 2985 585 3040 fratres
604 2986 705 3039 habent
722 2985 861 3039 adinvenit
881 2997 906 3038 et
926 2983 990 3039 fecit
1025 3025 1209 3040 .....
1266 3001 1300 3050 24

179 3066 212 3121 X.
229 3067 275 3121 De
295 3066 496 3137 praedicatione
515 3064 650 3136 evangelii
669 3078 696 3119 et
712 3064 920 3118 annuntiatione
939 3066 1022 3136 pacis,
1041 3077 1068 3116 et
1091 3081 1138 3116 ser
1157 3064 1209 3134 pri·

251 3163 361 3199 morum
380 3145 503 3199 Fratrum
524 3145 705 3199 conversione
711 3183 1210 3199 ............
1267 3142 1301 3197 26

181 3224 227 3279 XI.
246 3226 290 3280 De
309 3227 402 3296 spititu
421 3226 587 3297 prophetiae,
607 3236 633 3278 et
652 3224 760 3277 monitis
778 3224 864 3278 sancti
883 3224 1020 3277 Francisci
1069 3265 1076 3279 .
1114 3262 1120 3275 .
1158 3265 1164 3277 .
1204 3264 1210 3276 .
1266 3223 1299 3276 28

181 3305 241 3359 XII.
262 3306 413 3370 Quomodo
432 3306 503 3361 misit
521 3322 569 3359 eos
589 3305 667 3359 blnos
687 3321 734 3375 per
751 3304 887 3358 mundum
907 3315 934 3357 et
951 3303 980 3356 in
999 3304 1072 3356 brevi
1088 3317 1211 3374 tempore

252 3387 349 3440 iterum
370 3386 527 3457 congregati
546 3398 610 3439 sunt
622 3422 1211 3440 ..............

182 3464 253 3518 XIII.
274 3465 425 3529 Quomodo
443 3465 530 3535 primo
548 3464 670 3536 regulam
689 3464 794 3535 scripsit
812 3462 939 3517 undecim
969 3463 1073 3516 habens
1102 3462 1213 3527 fratres3

253 3555 281 3597 et
297 3544 439 3616 quomodo
458 3544 586 3598 dominus
604 3544 678 3616 Papa
697 3543 872 3597 Innocentius
897 3560 959 3596 eam
987 3542 1167 3610 confirmavit,
1186 3555 1214 3596 et

253 3625 287 3677 de
305 3624 410 3677 visione
428 3624 531 3677 arborIs
577 3662 1211 3678 ...............

183 3702 256 3757 XIV.
276 3704 318 3758 De
342 3704 428 3757 reditu
451 3707 535 3775 ipsius
553 3705 585 3757 ab
606 3704 670 3758 urbe
690 3704 780 3759 Roma
800 3704 829 3757 in
848 3703 948 3756 vallem
978 3701 1167 3774 spoletanam,
1186 3717 1213 3757 et

252 3783 287 3838 de
306 3801 384 3838 mora
403 3785 486 3856 ipsius
506 3801 552 3855 per
571 3785 644 3837 viam
665 3822 1211 3841 .............

185 3863 243 3918 XV.
262 3865 305 3919 De
323 3863 396 3919 sarna
414 3866 503 3918 sancti
521 3864 666 3929 francisci,
686 3876 712 3918 et
731 3866 764 3919 de
794 3865 973 3918 conversione
1002 3864 1152 3918 multorum
1183 3864 1215 3916 ad

255 3947 354 4009 Deum,
373 3956 400 3999 et
418 3944 558 4017 quomodo
578 3946 645 3999 ordo
663 3958 774 3999 vocatur
793 3945 906 3999 fratrum
925 3946 1074 4010 MInorum,
1095 3958 1122 3999 et
1147 3962 1214 4017 qua·

253 4026 314 4079 liter
332 4025 494 4095 religionem
514 4028 644 4080 intrantes
663 4026 757 4079 beatus
777 4025 936 4079 franciscus
955 4025 1120 4079 informabat
1161 4067 1167 4080 .
1206 4065 1213 4080 .

188 4104 257 4161 XVI.
275 4107 317 4160 De
337 4122 414 4159 mora
432 4107 515 4176 ipsius
533 4108 603 4177 apud
617 4107 821 4177 Rigumtortum
832 4106 901 4159 etde
912 4107 1035 4160 custodia
1046 4107 1212 4177 paupertatis

188 4185 270 4240 XVII.
290 4186 444 4249 Quomodo
466 4186 561 4240 beatus
589 4186 748 4240 FrancIscus
776 4187 868 4240 docuit
896 4185 990 4240 iratres
1018 4202 1111 4251 orare;
1131 4200 1157 4238 et
1183 4186 1216 4238 de

255 4266 407 4320 obedientia
426 4279 454 4320 et
471 4267 584 4337 puritate
602 4265 715 4320 fratrum
762 4304 1215 4323 ...........
1269 4280 1303 4335 47
1336 4272 1341 4279 '

189 4343 285 4419 XVIII.
303 4346 345 4399 De
360 4361 440 4399 curru
458 4345 540 4415 igneo
559 4358 585 4398 et
603 4347 698 4399 notitia
718 4346 870 4400 absentium
900 4363 982 4417 quam
1010 4346 1104 4400 beatus
1133 4344 1216 4398 Fran-

255 4428 340 4481 ciscus
359 4427 478 4480 habebat
493 4463 1214 4483 .................
1269 4440 1305 4494 49
