3142 4875
693 340 972 390 PROLEGOMENA

179 563 194 616 ‚⁵
269 561 453 632 Secundam
478 584 554 629 vero
579 582 685 651 aperte
709 580 815 630 tuetur
839 563 1103 630 Bartholomaeus
1128 563 1274 644 Pisanus,
1292 586 1391 653 quem

18 731 34 770 3,
67 737 87 776 2)
201 665 225 688 ⁷
269 692 301 738 et
315 671 460 758 suspicor
476 668 582 737 eidem
599 671 760 759 originem
776 670 913 737 dedisse.
961 671 1120 759 Inprimo
1139 671 1391 762 Consurmitatum

269 777 361 856 libro,
380 777 485 845 fructu
510 778 568 860 Xl,
593 799 786 844 enumerans
810 777 880 844 loca
903 775 1035 845 fratrum
1059 779 1092 845 in
1117 779 1286 847 Provincia
1310 781 1391 847 Pen-

269 885 360 953 neusi
383 885 551 974 distinguit
573 884 683 951 locum
708 885 834 961 Celani,
852 885 979 967 Callian,
1002 885 1035 953 in
1060 885 1205 953 custodia
1229 887 1391 955 Pennensi

270 1013 301 1060 et
323 992 432 1060 locum
457 993 577 1072 Selani,
595 992 720 1069 Caleno,
735 994 769 1059 in
794 992 939 1059 custodia
964 993 1152 1074 Marsicana,
1172 1012 1204 1060 et
1228 994 1260 1060 in
1285 996 1390 1082 primo

268 1098 409 1166 natalitia
432 1100 582 1166 sortitum
606 1121 676 1167 esse
699 1096 919 1166 fnTltomam
939 1101 1056 1166 asserit.
1105 1099 1152 1166 En
1172 1099 1256 1167 illius
1276 1100 1388 1168 verba:

271 1233 286 1268 a
303 1207 474 1273 Provincia
486 1206 664 1274 Pennensis
682 1229 738 1272 sex
759 1204 853 1272 habet
872 1204 1094 1275 custodiasz...
1137 1205 1293 1275 Custodia
1307 1209 1391 1275 Pen-

269 1314 377 1380 neusis
401 1312 497 1380 habet
519 1312 675 1380 locum...
696 1313 809 1382 Celani
827 1312 866 1381 de
886 1336 951 1402 quo
970 1311 1031 1381 fuit
1048 1312 1144 1381 frater
1158 1313 1317 1397 Thomas,
1334 1317 1389 1404 qui

269 1418 421 1488 mandato
446 1420 624 1507 apostolico
642 1420 765 1508 scripsit
780 1442 930 1487 sermone
948 1420 1049 1510 polito
1065 1421 1236 1510 legendam
1253 1424 1390 1510 primam

269 1525 1390 1608 beatiPrancisci...;CustodiaMarsicanahabetlocum...Selaniu.(¹)

270 1635 441 1717 Quaenam
460 1656 537 1701 vero
553 1632 633 1701 fides
649 1631 830 1700 adhibenda
845 1634 886 1698 sit
901 1633 1043 1700 Pisano?
1087 1634 1195 1717 Nulla,
1207 1636 1390 1723 respondeo

269 1740 348 1808 nihil
371 1740 551 1826 haesitans3
574 1762 649 1807 nam
669 1762 766 1808 exeo
785 1738 873 1828 quod
893 1742 921 1806 ei
941 1739 1067 1808 libuerit
1086 1764 1208 1809 nomen
1229 1742 1389 1810 Celannm

269 1847 344 1915 dare
357 1848 476 1937 oppido
485 1870 612 1936 semper
623 1850 655 1915 in
665 1847 870 1914 documentis
882 1847 1073 1933 synchronis
1083 1849 1246 1917 Cellinum
1256 1849 1392 1932 dicto,(²)

269 1955 358 2022 nullo
383 1954 484 2023 modo
506 1956 648 2044 sequitur
666 1954 836 2022 Thomam
854 1978 893 2022 ex
914 1954 976 2022 hoc
1001 1955 1073 2022 loco
1098 1953 1193 2023 fuisse
1217 1955 1390 2024 oriundum

268 2062 320 2130 vel
343 2061 600 2131 denominatum.
649 2064 757 2130 Frater
783 2061 934 2129 Thomas
964 2062 1003 2128 ab
1026 2062 1180 2130 omnibus
1203 2064 1307 2131 dictus
1331 2063 1391 2131 fuit

268 2171 310 2237 de
335 2170 478 2237 Celano:
509 2193 607 2259 quare
637 2169 715 2238 dum
747 2169 852 2236 adhuc
885 2168 981 2237 hodie
1009 2189 1112 2237 exstat
1141 2169 1297 2258 oppidum
1327 2170 1391 2237 hoc

269 2277 403 2344 nomine
426 2276 639 2365 designatum,
662 2275 749 2365 qnod
775 2275 979 2365 scriptoribus
1001 2276 1117 2344 saeculi
1141 2297 1202 2344 xnt
1228 2300 1295 2344 non
1324 2295 1391 2344 erat

268 2384 419 2474 ignotum
444 2402 475 2452 et
498 2384 588 2451 cuius
616 2384 764 2451 meminit
793 2384 860 2472 ipse
883 2382 1043 2464 Thomas,
1071 2383 1134 2451 hoc
1164 2383 1323 2453 vocabulo
1347 2386 1389 2452 si·

269 2491 458 2580 gnificatum
481 2490 562 2557 velle
587 2489 673 2557 aliud
696 2490 852 2581 oppidum
885 2491 975 2558 nullo
1006 2511 1150 2579 tempore
1173 2493 1218 2559 ita
1240 2493 1390 2559 nomina-

340 2653 382 2723 (1)
402 2653 433 2706 ln
448 2653 511 2707 edit.
527 2652 676 2706 Mediolan.
696 2668 772 2722 1513,
789 2651 837 2706 sol.
855 2669 913 2715 tto,
932 2669 958 2722 3;
978 2653 1085 2707 Bonon.
1103 2667 1178 2725 1590,
1194 2653 1240 2708 fol.
1257 2652 1314 2724 156,
1330 2671 1390 2723 3-4.

341 2744 383 2809 (2)
403 2762 417 2791 a
431 2740 510 2794 Nella
531 2741 659 2796 Cronaca
679 2740 858 2795 casauriense
882 2742 954 2809 negli
975 2742 1037 2793 anni
1058 2743 1109 2813 998
1129 2760 1143 2795 e
1161 2756 1213 2813 999
1233 2743 1256 2796 si
1274 2756 1390 2797 trovano

268 2832 409 2901 registrare
429 2830 514 2884 molte
533 2842 605 2884 terre
625 2831 769 2895 abruzzesi‚
789 2830 814 2883 le
834 2829 908 2901 quali
927 2847 975 2883 ora
994 2830 1086 2883 hanno
1105 2831 1133 2884 lo
1151 2845 1236 2885 stesso
1257 2848 1341 2885 nome
1363 2833 1390 2885 di

268 2922 360 2976 allora.
397 2920 448 2974 Fra
464 2937 557 2992 queste
573 2921 600 2973 vi
616 2924 631 2973 e
645 2919 765 2974 Cellino.
804 2920 904 2973 lnoltre
925 2920 1050 2973 abbiamo
1071 2937 1106 2972 un
1127 2921 1248 2991 diploma
1261 2922 1287 2974 di
1304 2920 1389 2975 Carlo

268 3010 389 3079 d'Angib
414 3009 457 3063 del
479 3026 491 3079 5
512 3009 658 3062 settembre
677 3024 752 3077 1273,
772 3010 799 3063 2⁸
818 3009 906 3071 india,
921 3008 966 3061 nel
985 3009 1065 3079 quale
1085 3011 1099 3061 ὲ
1118 3009 1250 3079 riportato
1269 3010 1287 3062 il
1307 3025 1389 3063 nome

268 3099 295 3151 di
315 3098 456 3153 Cellino».
493 3098 532 3153 Ita
554 3098 712 3152 canonicus
732 3098 847 3152 lacobus
867 3098 994 3152 Battum
1024 3098 1184 3152 Celauensis
1205 3099 1232 3151 iu
1256 3099 1390 3167 opusculo

273 3189 406 3241 Tommaso
425 3188 457 3241 dn
477 3187 570 3240 Celuno
589 3205 602 3240 ι
620 3188 642 3240 le
659 3205 701 3240 sut
725 3197 804 3259 opere,
824 3186 1030 3251 Casalbordino,
1053 3188 1128 3257 1894,
1150 3188 1194 3257 qui
1216 3188 1279 3240 citat
1299 3186 1389 3241 Fuitn-

269 3292 349 3330 otta:
370 3277 460 3347 Saggio
483 3276 508 3328 di
529 3275 679 3345 Corografia
698 3276 837 3345 Abruracse
856 3275 1014 3329 mediocrum
1052 3277 1182 3328 Attamen
1205 3292 1255 3346 pro
1277 3275 1389 3330 veritate

268 3365 401 3421 confiteor
420 3381 465 3417 me
485 3362 630 3418 chronicon
651 3364 1019 3433 Casuaricnn,(lduutrott1‚
1036 3366 1128 3419 Rerum
1144 3365 1199 3418 ital.
1214 3364 1339 3436 Scriptor.
1353 3365 1388 3429 ΙΙ,

269 3472 294 3526 p.
314 3454 349 3518 Il,
369 3454 420 3508 col.
441 3453 594 3523 767-1018)
611 3452 698 3506 semel
714 3467 794 3523 atque
810 3455 905 3506 iterum
923 3453 1114 3524 exploravisse‚
1130 3457 1192 3525 quin
1208 3471 1309 3508 nomen
1324 3452 1389 3508 Cel-

268 3543 315 3597 lini
329 3543 491 3607 invenirem
505 3543 554 3596 sub
569 3542 647 3595 annis
659 3543 720 3611 998,
730 3556 792 3612 999,
805 3541 909 3594 nullum
922 3543 1133 3596 instrumentum
1147 3543 1259 3596 habetur
1270 3543 1297 3596 in
1308 3543 1389 3598 variis

268 3632 430 3687 editionibus
458 3649 525 3697 quas
552 3631 695 3703 diligenter
716 3631 828 3702 inspexi.
867 3631 924 3684 Hiis
947 3633 1115 3686 documentis
1137 3632 1236 3685 addere
1261 3647 1302 3686 est
1328 3646 1388 3687 tum

267 3724 475 3775 instrumentum
495 3722 640 3775 erectionis
659 3722 838 3791 Episcopatus
859 3721 1005 3785 Adrieusis,
1024 3722 1076 3775 lral.
1100 3739 1152 3793 apt.
1179 3737 1254 3788 1251,
1283 3724 1309 3775 in
1335 3739 1389 3794 quo

267 3810 443 3864 nominantur
457 3811 588 3863 ecclesiae
603 3811 758 3863 adiicientes
768 3809 923 3863 huiusmodi
937 3810 1077 3876 domanio,
1087 3810 1156 3863 inter
1166 3828 1233 3882 quas
1247 3811 1389 3865 «Sanctae

267 3900 370 3952 Mariae
389 3899 416 3951 in
435 3898 551 3951 Musano
571 3899 605 3952 de
626 3899 746 3952 Cellino»
767 3899 921 3967 (uenatu,
946 3901 1020 3953 ltalia
1039 3918 1121 3965 sacra,
1140 3911 1205 3954 tout.
1226 3901 1247 3964 1,
1266 3916 1288 3952 c.
1312 3916 1389 3966 tino,

266 3989 397 4052 Venetiis,
424 3988 511 4057 1717),
540 4001 597 4040 tunt
623 3986 700 4041 Bulla
720 3987 872 4041 Clementis
892 3989 940 4052 IV,
970 4005 979 4041 1
1003 4007 1059 4059 apr.
1082 4004 1158 4058 1345,
1186 4006 1239 4060 qua
1267 3988 1390 4061 indulget

268 4096 282 4125 a
293 4077 443 4146 guardiano
456 4089 481 4128 et
495 4074 618 4129 iratribus
632 4077 735 4130 ordinis
751 4078 892 4129 Minorum
906 4078 984 4130 castri
1001 4078 1035 4130 de
1052 4077 1161 4131 Cellino
1178 4078 1297 4131 Peunen.
1313 4078 1389 4133 dioe-

266 4168 361 4219 cesis»
383 4176 412 4216 ut
431 4164 520 4218 locum
543 4168 593 4218 trin
620 4178 709 4219 castro
730 4165 856 4219 Celliniu
879 4169 904 4218 in
930 4166 982 4219 alia
1007 4179 1081 4238 parte
1106 4165 1249 4220 transferre
1275 4169 1388 4238 possint.

267 4254 410 4309 Bullatium
433 4254 641 4319 Franciscanam,
666 4268 733 4308 tom.
756 4256 791 4320 V,
816 4274 840 4326 p.
867 4257 925 4323 158,
951 4274 1025 4309 num.
1053 4272 1110 4327 307,
1134 4256 1250 4321 Romae,
1276 4273 1352 4328 1902.
1372 4288 1390 4299 -
1435 4292 1437 4297 .

267 4343 381 4396 Pisanus
406 4342 539 4395 scrihebat
566 4342 664 4395 librum
687 4343 917 4398 Conlormiratum
945 4361 1007 4398 ann.
1030 4347 1194 4415 1385-1399.
1231 4344 1303 4416 Ergo
1329 4348 1389 4400 eius

267 4444 391 4502 tempore
411 4430 507 4484 Callisto
527 4430 610 4485 latine
628 4432 765 4487 dicebatur
785 4433 933 4498 Cellinum,
952 4446 1116 4487 nouantem
1135 4433 1280 4487 Celanum.
