3142 4875
596 348 700 397 eunti
729 347 914 397 Funuctsct
1235 346 1310 417 425
1404 333 1409 342 '

198 457 335 465 ——.....
364 458 438 464 .----.
458 459 511 466 ...-.
530 459 1313 468 ..m-*ma*-—

196 582 365 655 dulcibus
392 580 563 653 affatibus
590 581 727 678 alloqui
756 606 841 655 eam
865 581 1005 678 coepit:
1028 583 1159 679 Surge,
1184 582 1311 679 inquit,

196 690 271 763 filia
298 688 507 770 benedicta,
528 714 652 786 surge,
676 688 884 762 netimeas.
943 689 1120 762 Sanitatis
1145 690 1315 788 integrae

197 794 345 893 suscipe
382 795 530 893 signum
560 812 598 867 et
625 793 885 868 inviolabiliter
913 813 1016 868 tuum
1046 821 1153 870 serva
1182 821 1315 893 propo·

198 904 319 976 situm.
377 902 427 974 Et
454 902 689 999 apprehensa
718 927 829 975 manu
859 901 948 982 eius,
970 905 1122 975 elevans
1141 928 1236 986 eam,
1262 903 1313 975 di-

150 1038 167 1101 5
198 1010 349 1106 sparuit.
407 1008 491 1105 Ipsa
510 1033 600 1081 vero
620 1034 687 1105 per
701 1008 869 1082 cellulam
891 1034 995 1082 suam
1016 1011 1088 1082 huc
1102 1026 1216 1106 atque
1231 1010 1316 1082 illuc

198 1143 238 1189 se
267 1134 499 1199 convertens,
532 1115 722 1188 nesciebat
745 1115 846 1212 quod
866 1142 933 1213 per
952 1142 1099 1190 servum
1120 1116 1193 1189 Dei
1214 1116 1249 1189 in
1271 1142 1316 1190 ea

199 1223 326 1296 luisset
362 1223 546 1296 effectum.
613 1223 772 1295 Putabat
809 1223 908 1296 enim
945 1248 986 1296 se
1023 1224 1142 1296 visum
1176 1225 1314 1297 videre.

198 1330 370 1403 Tandem
398 1329 554 1403 veniens
582 1329 629 1401 ad
658 1330 859 1402 fenestram
880 1330 1028 1403 solitum
1048 1329 1197 1428 signum
1218 1331 1314 1404 lecit.

197 1436 260 1509 Ad
289 1461 401 1533 quam
430 1435 606 1510 citissime
639 1436 845 1509 monachus
873 1437 1025 1532 quidam
1054 1439 1249 1516 accedens.
1280 1454 1318 1510 et

129 1574 169 1619 ιο
199 1543 419 1639 ultraquam
436 1543 536 1615 credi
552 1559 678 1640 potest
697 1542 896 1627 admirans,
913 1544 961 1617 ad
981 1569 1064 1617 eam
1080 1543 1192 1617 dixit:
1215 1544 1318 1638 Quid

197 1651 334 1724 Iactum
362 1666 429 1730 est,
462 1666 590 1726 mater.
617 1649 718 1746 quod
744 1675 900 1749 surgere
932 1651 1109 1748 potuisti?
1165 1650 1218 1722 At
1237 1654 1318 1748 ipsa

198 1758 319 1830 adhuc
334 1758 519 1830 somniare
539 1783 579 1829 se
600 1757 757 1829 credens
776 1775 814 1830 et
834 1757 954 1853 ipsum
976 1783 1049 1830 non
1069 1783 1153 1831 esse
1167 1773 1313 1855 putans,

199 1864 324 1961 ignem
345 1863 499 1936 accendi
523 1862 722 1961 proposcit.
782 1863 995 1960 Apportato
1014 1863 1087 1937 iarn
1108 1864 1257 1947 lumine,
1280 1864 1316 1938 in

163 1957 167 1970 ’
198 1996 239 2043 se
268 1996 426 2053 reversa,
460 1969 598 2042 nullum
636 1970 804 2043 dolorem
843 1972 1016 2051 sentiens.
1049 1987 1183 2044 cuncta
1220 1997 1318 2068 quae

130 2109 165 2172 15
197 2076 410 2150 acciderant
438 2103 506 2173 per
532 2077 701 2150 ordinem
730 2076 927 2151 enarravit.

296 2425 355 2496 De
381 2423 603 2520 quibusdam
631 2425 792 2498 diversis
820 2425 1027 2498 miraculis.
1086 2425 1223 2499 XVIII.

284 2614 366 2684 182.
389 2613 429 2684 In
450 2612 645 2685 Sabinensi
666 2612 828 2686 dioecesi
853 2614 976 2685 vetula
1005 2616 1189 2709 quaedam
1218 2630 1318 2687 octo-

197 2720 352 2818 genaria
387 2736 476 2802 erat,
509 2744 605 2814 quae
633 2720 727 2791 duas
764 2718 857 2793 filias
891 2720 992 2816 prius
1025 2720 1177 2804 habens
1211 2722 1318 2794 unius

198 2852 324 2899 earum
354 2826 467 2899 filium
497 2826 568 2899 iam
598 2827 798 2899 defunctae
835 2827 1046 2900 lactandum
1085 2826 1190 2900 alteri
1219 2853 1318 2901 com·

126 2963 168 3009 20
198 2933 398 3006 mendavit.
439 2933 525 3026 Qua
540 2934 691 3005 tandem
708 2933 841 3028 etipsa
856 2934 904 3006 de
921 2934 1053 3007 marito
1069 2934 1315 3032 concipiente,

197 3041 253 3113 lac
273 3065 295 3113 a
316 3039 486 3113 mamillis
505 3039 652 3118 defecit.
709 3041 821 3112 Nulla
836 3040 949 3138 igitur
968 3057 1048 3113 erat
1068 3066 1165 3137 quae
1186 3043 1318 3115 orbato

198 3145 378 3220 infantulo
406 3147 632 3229 subveniret,
665 3146 763 3219 nulla
793 3173 889 3243 quae
918 3148 1054 3221 sitienti
1076 3173 1193 3246 puero
1214 3150 1319 3221 Iactis

197 3253 420 3326 stillicidium
450 3270 634 3351 erogaret.
694 3253 891 3327 Cruciatur
925 3281 993 3352 pro
1028 3254 1204 3352 nepotulo
1234 3281 1320 3352 que-

198 3361 277 3433 ruIa
305 3386 408 3443 anuS,
432 3377 469 3432 et
488 3378 657 3434 extrema
676 3378 897 3458 paupertate
927 3361 1063 3443 infelix,
1086 3387 1161 3459 quo
1181 3387 1221 3435 se
1241 3388 1319 3434 ver-

128 3498 167 3560 25
198 3482 277 3540 tere
306 3484 434 3564 posset
463 3468 621 3564 ignorat.
680 3467 907 3541 Debilitatur
934 3495 1026 3566 puer
1053 3495 1097 3542 ac
1126 3469 1260 3552 deficit,
1283 3486 1321 3542 et

198 3575 307 3647 simul
339 3600 423 3647 cum
453 3599 500 3647 eo
532 3575 616 3648 avia
644 3576 904 3671 compassione
934 3576 1185 3652 commoritur.
1243 3575 1320 3647 Cir-

199 3681 275 3753 cuit
303 3682 427 3754 vetula
447 3707 514 3779 per
533 3680 636 3754 vicos
655 3699 693 3755 et
712 3682 857 3765 domos,
879 3701 917 3755 et
937 3707 1048 3755 nemo
1068 3700 1126 3754 est
1144 3707 1167 3754 a
1186 3681 1320 3754 clamo·

199 3788 301 3860 ribus
329 3788 433 3866 liber.
497 3789 618 3862 Nocte
647 3791 809 3885 quadam
838 3791 886 3863 ad
917 3789 1143 3884 mitigandos
1171 3787 1319 3884 vagitus

198 3896 340 3969 arentia
361 3897 476 3968 ubera
496 3895 531 3967 in
553 3921 618 3968 ore
638 3898 744 3992 ponit
773 3896 930 3980 infantis,
963 3915 1001 3968 et
1029 3896 1189 3967 lacrimis
1210 3894 1320 3990 plena

127 4035 168 4105 30
198 4002 297 4074 beati
315 4001 500 4074 Francisci
517 4003 711 4076 consilium
728 4021 766 4076 et
781 4005 952 4075 iuvamen
970 4002 1149 4099 exposcit.
1187 4002 1319 4074 Statim

271 4234 293 4288 7.
313 4219 407 4273 fuisset
425 4219 564 4293 effectum]
582 4221 630 4274 ΡΑ
651 4222 737 4274 fuerat
756 4235 897 4291 operatum
975 4237 1013 4274 11.
1031 4222 1127 4290 mater]
1149 4224 1173 4275 A
1184 4223 1206 4276 B
1224 4221 1322 4274 mulier

201 4314 239 4366 15.
256 4301 312 4353 Post
327 4301 460 4354 enarravit
480 4302 538 4367 ΡΑ,
552 4302 617 4372 quod
630 4302 669 4355 hic
682 4301 794 4372 explicit,
809 4301 892 4354 addit:
914 4301 984 4354 Huic
1004 4302 1150 4354 narrationi
1164 4315 1191 4355 et
1203 4318 1253 4354 nos
1267 4302 1321 4353 iam

198 4379 280 4432 finem
296 4381 474 4451 Imponimus,
495 4381 666 4434 multitudine
687 4382 891 4434 scribendorum
910 4380 1103 4434 miraculorum
1127 4381 1263 4436 silentium
1282 4383 1321 4433 in-

197 4459 313 4514 dicente.
352 4461 413 4513 Deo
434 4461 542 4531 gratias.
563 4464 661 4513 Amen.
