3142 4875
268 291 317 360 80
666 311 839 361 rausum
867 310 978 358 rania

268 421 343 428 ..-.-..-
349 420 537 428 —-——-—.-

265 546 411 630 affectu,
442 570 517 642 quo
545 570 638 643 erga
657 569 741 617 earn
761 544 978 617 ducebatur.
1036 542 1112 616 Sed
1133 569 1228 632 cum,
1247 543 1385 616 Christi

265 678 394 726 servus
423 650 576 749 longam
606 650 675 723 sibi
704 650 752 722 de
781 676 854 723 ove
882 650 1066 723 sermonis
1085 649 1302 746 parabolam
1331 675 1385 723 re·

265 759 430 841 texisset,
462 759 576 830 corde
605 772 852 853 compunctus
871 757 1071 853 episcopus
1098 781 1211 853 super
1225 756 1293 829 viri
1312 756 1385 830 Dei

264 866 465 963 puritatem
508 862 649 962 gratias
696 864 775 960 egit
802 864 909 950 Deo.
967 863 1041 936 Die
1082 889 1173 936 vero
1215 862 1383 960 sequenti

264 990 441 1069 egressus
469 971 518 1044 de
537 969 686 1044 civitate
716 986 754 1042 et
782 970 956 1068 cogitans
975 972 1153 1065 quidnam
1174 972 1222 1043 de
1246 996 1317 1043 ove
1337 971 1385 1042 la·
1417 999 1435 1063 5

265 1096 378 1163 ceret,
418 1079 467 1150 de
505 1078 659 1150 consilio
701 1077 865 1149 consocii
895 1093 933 1150 et
970 1077 1090 1149 fratris
1127 1078 1195 1164 sui,
1227 1102 1310 1150 eam
1349 1077 1385 1149 in

266 1187 429 1284 quodam
445 1186 606 1257 claustro
622 1185 842 1256 famularum
859 1182 996 1257 Christi
1012 1185 1113 1279 apud
1128 1183 1304 1256 Sanctum
1323 1184 1385 1255 Se·
1432 1233 1450 1252 .

266 1293 434 1366 verinum
468 1291 621 1364 tradidit
652 1291 972 1363 conservandam:
1019 1289 1264 1363 Venerabiles
1296 1316 1386 1386 quo·

261 1425 340 1497 ⁴que
367 1399 523 1471 ancillae
562 1396 710 1480 Christi,
752 1397 851 1469 velut
888 1423 1067 1493 magnum
1103 1423 1237 1469 munus
1265 1398 1334 1468 sibi
1363 1423 1385 1468 a
1426 1474 1430 1482 ,
1496 1472 1504 1478 ,

266 1508 352 1578 Deo
368 1506 508 1588 datum,
520 1506 731 1601 gaudentes
746 1503 930 1576 oviculam
946 1520 1200 1600 susceperunt.
1260 1504 1384 1597 Quam
1419 1530 1458 1574 ro

265 1611 499 1708 temporibus
518 1612 643 1682 multis
654 1610 810 1683 sollicite
830 1610 1093 1692 custodientes,
1108 1612 1156 1683 de
1171 1610 1255 1683 lana
1271 1611 1385 1707 ipsius

266 1721 429 1791 tunicam
450 1733 679 1804 texuerunt,
719 1732 758 1789 et
786 1743 871 1789 eam
904 1718 1017 1789 beato
1045 1718 1140 1812 patri
1169 1717 1382 1798 Francisc0‚

266 1825 365 1923 apud
395 1824 591 1924 ecclesiam
621 1824 783 1897 Sanctae
800 1822 944 1896 Mariae
964 1816 999 1896 in
1020 1824 1268 1908 Portiuncula,
1292 1841 1385 1895 tem-

267 1957 357 2028 pore
387 1932 579 2004 cuiusdam
608 1930 770 2028 capituli,
792 1931 1088 2003 transmiserunt.
1147 1932 1272 2025 Quam
1302 1956 1384 2002 cum

267 2048 406 2136 magna¹
434 2038 644 2112 reverentia
662 2053 700 2110 et
728 2036 841 2110 animi
870 2036 1119 2110 exsultatione
1143 2053 1294 2111 sanctus
1312 2036 1386 2110 Dei
1420 2063 1456 2127 15

267 2146 474 2242 suscipiens
503 2162 541 2217 et
568 2146 799 2240 amplexans,
831 2144 1120 2217 deosculabatur
1138 2170 1233 2230 earn,
1255 2169 1386 2216 omnes

267 2253 427 2326 invitans
455 2252 503 2324 ad
531 2267 676 2324 tantum
706 2249 885 2348 gaudium
916 2250 1208 2324 circumstantes.

351 2379 409 2451 79.
440 2358 526 2431 Alia
555 2383 645 2430 vero
674 2359 755 2430 vice
784 2383 869 2431 cum
891 2384 959 2456 per
978 2359 1149 2431 eamdem
1180 2357 1386 2430 Marchiam

266 2466 450 2549 transiret,
490 2465 625 2538 eodem
663 2467 776 2539 fratre
805 2466 926 2561 ipsum
963 2464 1135 2539 alacriter
1170 2464 1383 2549 comitante,

194 2598 196 2602 “
266 2574 346 2646 viro
375 2573 521 2646 cuidam
551 2571 724 2656 obviavit,
747 2573 810 2668 qui
837 2573 933 2645 duos
961 2572 1156 2671 agniculos
1183 2597 1387 2668 suspensos
1416 2595 1460 2643 20

266 2697 305 2754 et
323 2680 460 2778 ligatos
488 2680 525 2752 in
554 2680 711 2753 humero
739 2705 807 2751 suo
827 2681 875 2752 ad
894 2681 1035 2762 -lorum,
1062 2679 1133 2778 [ut]
1155 2679 1383 2777 vendere[t]‚

266 2789 500 2884 deportabat.
560 2787 734 2882 Cumque
761 2811 884 2884 agnos
912 2786 1082 2859 balantes
1110 2787 1244 2859 beatus
1273 2787 1385 2858 Fran-

267 2895 386 2967 ciscus
414 2894 590 2976 audisset,
610 2909 799 2966 commota
817 2909 905 2965 sunt
919 2893 1063 2965 viscera
1081 2894 1171 2978 eiua,
1195 2909 1233 2965 et
1252 2919 1385 2989 appro-

266 3002 453 3097 pinquans
476 3000 606 3097 'tetigit
635 3024 710 3084 eos,
742 3000 848 3095 quasi
880 3017 999 3073 mater
1034 3026 1148 3098 super
1175 2998 1384 3097 plorantem

266 3108 391 3192 filium,
423 3108 596 3180 aflectum
626 3106 898 3203 compassionis
926 3107 1140 3180 ostendens.
1199 3106 1248 3179 Et
1267 3104 1319 3179 ait
1337 3106 1384 3179 ad
1415 3129 1456 3195 25

266 3215 403 3288 virum:
436 3215 565 3308 Quare
594 3215 726 3286 fratres
754 3239 860 3286 meos
887 3239 1009 3311 agnos
1037 3215 1089 3286 sic
1113 3212 1249 3312 ligatos
1268 3229 1306 3287 et
1325 3239 1386 3285 su-

266 3347 425 3418 spensos
465 3319 683 3394 excrucias?
727 3320 802 3414 Qui
845 3322 1078 3418 respondens
1114 3320 1184 3394 ait:
1225 3321 1303 3393 Eos
1336 3319 1386 3392 ad

267 3430 387 3501 sorum
423 3444 543 3525 port0,
582 3444 623 3500 ut
659 3428 831 3511 vendam,
873 3427 981 3523 pretii
1019 3428 1241 3500 necessitate
1284 3451 1386 3500 com-

266 3535 406 3633 pulsus.
463 3535 512 3607 Et
539 3533 591 3608 ait
619 3549 789 3607 sanctus:
831 3534 934 3628 Quid
964 3549 1097 3632 postea
1125 3533 1189 3608 fiet
1217 3535 1265 3607 de
1294 3532 1385 3606 illis?
1469 3568 1472 3575 ’

338 3737 396 3792 ab*
405 3754 453 3790 om.
464 3736 598 3789 sermonis
672 3733 938 3804 2-3.Precensisset
1013 3736 1077 3799 aar
1085 3752 1134 3789 om.
1147 3734 1197 3788 Dei
1273 3734 1389 3805 3-4.AS

266 3835 315 3872 om.
335 3816 656 3887 episcopus-puritatem
746 3830 772 3879 4.
792 3815 816 3868 Ε
833 3832 891 3885 pur.
910 3813 1086 3868 considerans
1105 3832 1144 3885 gr.
1231 3812 1256 3868 6.
1276 3814 1321 3868 AS
1337 3831 1387 3867 oni.

265 3899 299 3952 de
317 3907 339 3952 ct
358 3900 402 3968 leg.
421 3896 541 3951 consiliis
587 3895 629 3959 H,
651 3894 756 3949 Psocii
804 3896 978 3951 Reonsortis
1051 3896 1114 3966 8·9.
1132 3895 1253 3966 quoque]
1270 3895 1386 3954 Ereto:

266 3979 368 4033 ASom.
427 3977 627 4046 12.Lom.patri
685 3975 1102 4044 13.ASbeataeMariaedePor.
1133 3975 1193 4030 Pde
1251 3974 1388 4039 14-16.Os

265 4076 314 4113 om.
333 4074 394 4111 curn
409 4056 585 4126 -suscipiens
604 4069 630 4108 et
707 4071 745 4122 ¹5·
760 4057 780 4110 R
798 4071 897 4123 magna
914 4055 1096 4108 exsultatione
1112 4068 1139 4108 et
1157 4071 1220 4109 cum
1240 4054 1388 4108 reverentia

268 4137 308 4193 16.
328 4139 375 4192 AS
391 4156 440 4192 om.
459 4135 608 4207 suscipiens
628 4148 654 4189 et
703 4136 733 4188 M
751 4136 912 4188 deosculans
988 4150 1027 4203 17.
1047 4135 1095 4189 AS
1111 4153 1160 4189 om.
1179 4148 1283 4188 tantum
1332 4135 1387 4198 AS,

163 4276 174 4293 ⁸
267 4219 521 4273 Ecircumst.eum.
599 4215 965 4285 18.MAlioverotempore
1045 4216 1197 4285 18-19.0x
1216 4215 1278 4268 Alia
1297 4227 1389 4267 autem

266 4298 326 4352 vice
342 4315 389 4369 per
404 4316 427 4352 e.
441 4299 478 4352 M.
490 4296 623 4351 transiens
697 4294 1000 4351 21.Bforumvendere
1074 4294 1107 4349 26
1133 4295 1223 4351 RCur
1296 4296 1338 4349 28.
1354 4295 1389 4349 Os

267 4394 316 4431 om.
336 4391 413 4448 prem
