3142 4875
580 395 685 447 nnnrr
713 397 899 447 ranncrscr
1223 372 1297 467 389

181 507 308 514 —.-.---—-
318 507 416 513 ...‚..——
428 507 435 512 ,
450 507 454 512 .
474 507 562 512 -.—-.
571 507 833 513 --.—--———.
846 508 1199 514 ——-—---.--—-—.
1209 509 1298 515 --—-

263 634 323 723 89.
355 631 395 702 In
423 630 550 703 Massa
568 628 695 703 Sancti
723 630 821 702 Petri
843 628 989 703 cuidam
1014 629 1118 702 militi
1138 630 1302 703 debebat

180 737 362 835 pecuniae
377 737 622 833 quantitatem
643 735 892 833 pauperculus
907 734 1069 833 quidam.
1128 736 1301 833 Cumque

181 871 269 941 prae
286 844 410 940 inopia
426 843 581 916 facultas
597 868 670 916 non
681 859 899 941 suppeteret
909 841 1157 940 persolvendi,
1170 860 1300 941 captus

181 968 238 1025 est
256 952 403 1025 debitor
422 977 445 1024 a
465 950 579 1023 milite
599 966 764 1047 repente.
832 949 1000 1023 Misereri
1023 948 1092 1023 sibi
1116 966 1197 1023 orat
1217 976 1301 1047 sup-

132 1083 147 1148 5
180 1059 335 1155 pliciter,
349 1075 386 1130 et
397 1057 612 1130 dilationem
623 1082 809 1154 quaerens
824 1082 952 1130 amore
967 1058 1085 1130 sancti
1097 1057 1127 1129 F
1130 1057 1297 1144 rancisci,

180 1165 353 1261 precibus
369 1164 596 1246 intermissis,
615 1165 792 1237 credebat
808 1178 847 1236 ut
862 1165 1044 1236 famosum
1061 1180 1230 1237 sanctum
1246 1190 1300 1236 re-

180 1288 371 1345 vereretur
390 1270 505 1344 miles.
564 1270 714 1368 Spernit
729 1272 913 1367 superbus
927 1272 1033 1344 miles
1048 1296 1181 1367 preces
1200 1273 1300 1345 obla-

180 1395 247 1462 tas,
270 1396 308 1451 et
327 1377 443 1451 sancti
472 1403 638 1451 amorem
667 1377 768 1451 velut
792 1379 901 1451 inane
929 1378 1019 1474 quid
1046 1377 1205 1451 inaniter
1224 1377 1300 1451 vili-

180 1487 320 1583 pendit.
378 1487 475 1559 Nam
492 1485 680 1558 cervicose
700 1486 951 1582 respondens:
974 1484 1056 1557 Tali
1073 1500 1121 1570 te,
1137 1485 1200 1571 ait,
1215 1486 1300 1558 loco

112 1616 151 1664 ιο
180 1593 379 1678 recludam,
398 1609 436 1665 et
450 1591 512 1665 tali
533 1592 722 1665 retrudam
739 1617 898 1675 carcere,
912 1592 974 1664 ubi
990 1617 1058 1665 nec
1079 1591 1300 1665 Franciscus

181 1725 248 1773 nec
272 1699 404 1797 aliquis
432 1699 569 1797 poterit
597 1714 636 1771 te
664 1699 804 1777 iuvare.
859 1697 1037 1771 Tentavit
1064 1700 1164 1795 quod
1194 1698 1297 1772 dixit.

180 1807 380 1880 Carcerem
409 1806 600 1879 adinvenit
625 1807 835 1887 obscurum,
859 1804 896 1876 in
917 1830 992 1901 quo
1013 1805 1202 1878 hominem
1223 1807 1299 1878 vin-

179 1915 341 1988 culatum
371 1912 539 1987 coniecit.
598 1913 713 1985 Paulo
735 1928 819 2008 post
838 1911 956 1984 adluit
975 1926 1126 1984 sanctus
1146 1912 1300 1984 Franci-

178 2047 272 2105 scus
288 2037 327 2094 et
346 2021 463 2094 fracto
482 2044 633 2093 carcere
648 2019 840 2115 ruptisque
861 2017 1114 2114 compedibus,
1132 2017 1298 2090 illaesum

110 2152 120 2196 r
129 2152 147 2217 5
178 2128 366 2201 hominem
396 2127 545 2200 reduxit
571 2127 619 2200 ad
640 2124 800 2223 propria.
859 2125 986 2198 Portat
1005 2124 1167 2222 denique
1186 2124 1300 2197 homo

178 2233 237 2309 ille
265 2233 412 2308 vincula
440 2234 653 2330 supradicta
680 2233 728 2305 ad
758 2231 954 2305 ecclesiam
983 2231 1081 2304 beati
1111 2231 1298 2304 Francisci

176 2343 278 2440 apud
298 2341 493 2424 Assisium,
506 2356 546 2414 ut
567 2341 601 2412 in
617 2339 751 2437 quibus
766 2355 945 2436 expertus
961 2339 1081 2411 fuerat
1095 2337 1210 2434 patris
1226 2336 1300 2412 cle-

178 2451 365 2533 mentiam,
397 2449 433 2521 in
463 2449 517 2522 eis
545 2463 769 2545 potestatem
800 2446 991 2519 mirificam
1013 2447 1296 2520 demonstraret.

177 2557 238 2630 Sic
268 2557 445 2630 fortitudo
468 2555 667 2639 Francisci,
700 2554 853 2627 militem
883 2550 1063 2649 praedata
1082 2554 1298 2651 superbum,

28 2752 31 2759 ,
105 2688 148 2734 20
177 2663 364 2762 captivum
394 2661 456 2760 qui
486 2689 527 2734 se
555 2661 623 2734 sibi
653 2660 863 2733 subiecerat
891 2657 1059 2733 liberavit
1086 2684 1108 2732 a
1133 2661 1243 2737 malo

258 2793 318 2862 90.
351 2771 530 2866 Quinque
548 2767 726 2842 officiales
746 2767 938 2840 cuiusdam
960 2766 1086 2863 magni
1107 2766 1294 2864 principis

176 2904 244 2975 per
271 2877 521 2974 suspicionem
550 2875 659 2971 capti,
690 2900 764 2948 non
793 2873 913 2947 solum
938 2873 1039 2946 duris
1055 2872 1218 2967 ¹vinculis
1237 2874 1298 2950 ,in-

177 3001 385 3068 nectuntur,
417 2984 484 3056 sed
512 2981 660 3055 arctiori
681 2982 940 3078 mancipantur
964 2980 1156 3054 custodiae
1176 3005 1297 3054 carce-

176 3092 253 3164 rali.
312 3090 386 3185 Qui
416 3116 499 3162 cum
528 3090 678 3161 beatum
701 3088 940 3160 Franciscum
965 3087 1136 3161 audirent
1158 3088 1319 3188 ubique

106 3218 147 3283 25
176 3223 373 3271 coruscare
398 3195 592 3278 miraculis,
616 3196 649 3267 ei
679 3221 719 3268 se
746 3193 987 3268 devotissime
1016 3195 1294 3267 commiserunt.

175 3305 363 3402 Apparuit
377 3303 608 3400 igiturnocte
620 3302 782 3399 quadam
799 3302 860 3374 uni
876 3327 1006 3374 eorum
1022 3318 1173 3374 sanctus
1184 3302 1297 3374 Fran·

176 3412 305 3496 ciscus,
328 3428 366 3484 et
386 3408 612 3482 liberationis
633 3408 855 3481 beneficium
876 3409 1097 3505 repromisit.
1147 3407 1296 3479 Exhila-

176 3536 278 3590 ratus
297 3517 356 3592 ille
376 3518 439 3613 qui
462 3516 607 3589 viderat
635 3515 827 3598 visionem,
851 3515 1113 3613 repromissam
1135 3515 1294 3611 gratiam

176 3624 313 3699 indicat
333 3623 572 3720 concaptivis.
631 3623 889 3696 Lacrimantur
909 3640 946 3694 et
965 3622 1134 3719 gaudent
1154 3621 1239 3693 licet
1260 3622 1294 3692 in

103 3757 147 3824 30
176 3732 349 3811 tenebris,
371 3745 459 3803 vota
477 3745 617 3802 vovent
635 3746 674 3802 et
693 3756 824 3825 preces
845 3728 1100 3824 multiplicant.
1160 3728 1295 3823 Coepit

175 3837 296 3911 statim
319 3864 414 3911 unus
433 3862 563 3909 eorum
583 3837 746 3933 quodam
763 3862 847 3909 osse
863 3834 1069 3907 tutissimae
1089 3834 1199 3905 turris
1219 3861 1294 3906 mu·

175 3972 256 4019 rum
276 3945 468 4042 impetere,
486 3942 543 4015 cui
565 3960 677 4016 tenax
692 3942 908 4015 commixtio
923 3958 1027 4014 tanta
1042 3940 1218 4015 facilitate
1239 3967 1294 4015 ce·

175 4052 298 4137 debat,
321 4051 413 4125 acsi
435 4052 583 4124 cinerea
612 4075 799 4147 compago
830 4049 967 4121 fuisset.
1026 4049 1199 4121 Perfosso
1221 4048 1294 4122 iam

175 4185 281 4232 muro
305 4176 423 4232 tentat
443 4158 564 4241 exire;
589 4173 627 4230 et
645 4156 801 4229 vinculis
823 4155 1071 4240 comminutis,
1096 4182 1191 4228 unus
1210 4174 1295 4254 post

103 4291 142 4357 35
175 4291 288 4338 unum
309 4266 401 4339 liber
421 4264 622 4363 egreditur.
673 4263 933 4360 Praecipitium
956 4265 1120 4337 restabat
1141 4264 1297 4338 immen-

251 4525 290 4562 11.
311 4509 364 4563 AB
384 4509 453 4562 alius
