3142 4875
486 238 522 285 2
537 218 634 304 96
1240 238 1580 287 LEGENDA
1639 237 1971 286 SECUNDA

474 498 760 545 moram
817 473 912 545 ad
987 478 1070 544 ‘se
1127 498 1492 553 reversuS‚
1556 471 1870 543 dulciter
1943 458 2325 567 praecepit
2380 472 2719 546 aviculae

475 596 555 651 ut
628 581 914 675 absque
991 579 1257 652 timore
1340 578 1696 675 pristinae
1768 576 2087 651 libertati
2175 604 2255 650 se
2339 579 2711 652 redderet.

474 686 842 782 Suscepta
898 684 1150 782 itaque
1209 712 1377 758 cum
1437 685 1962 758 benedictione
2019 685 2338 768 licentia,
2421 688 2712 784 [gestu]

474 792 809 889 corporis
866 793 1246 889 quoddam
1303 793 1810 889 praetendens
1865 791 2225 891 gaudium
2285 793 2628 865 avolavit.

1335 1008 1863 1016 ————-

1064 1174 1216 1289 [De
1242 1174 1599 1288 falcone}
1717 1181 2100 1254 CXXVII.

648 1395 813 1466 168.
861 1394 1053 1467 Cum
1102 1394 1368 1468 beatus
1410 1395 1468 1466 F
1474 1395 1874 1477 ranciscus,
1919 1410 2304 1491 aspectum
2364 1411 2439 1467 et
2496 1396 2715 1468 collo-

476 1501 730 1597 quium
799 1501 1184 1574 hominum
1243 1526 1453 1573 more
1518 1501 1737 1574 solito
1794 1502 2112 1598 fugiens,
2175 1502 2246 1573 in
2306 1502 2714 1598 qu[o]dam

475 1634 731 1681 eremo
771 1624 1299 1692 commaneret,
1337 1609 1528 1680 falco
1567 1608 1639 1680 in
1683 1606 1848 1679 loco
1889 1607 2274 1681 nidificans
2314 1633 2593 1706 magno
2631 1634 2714 1680 se

476 1714 571 1787 illi
612 1715 981 1788 amicitiae
1018 1714 1319 1788 foedere
1359 1714 1771 1810 copulavit.
1882 1715 2077 1787 Nam
2118 1740 2415 1811 semper
2451 1714 2713 1788 horam

477 1837 842 1894 nocturno
880 1838 1244 1918 tempore,
1289 1821 1361 1893 in
1403 1847 1549 1917 qua
1590 1838 1891 1894 sanctus
1930 1821 2024 1893 ad
2067 1820 2316 1893 divina
2355 1819 2717 1918 obsequia

475 1955 789 2026 surgere
836 1929 1095 2001 solitus
1134 1945 1314 2010 erat,
1361 1944 1577 2000 cantu
1639 1954 1774 2000 suo
1815 1927 2348 2024 praeveniebat
2388 1944 2461 2001 et
2499 1953 2707 2012 son0,

477 2036 676 2132 quod
753 2051 1012 2109 sancto
1068 2035 1215 2108 Dei
1272 2035 1778 2133 gratissimum
1838 2049 2017 2119 erat,
2082 2060 2174 2107 eo
2230 2035 2434 2130 quod
2509 2052 2714 2107 tanta

476 2141 989 2224 sollicitudine,
1055 2168 1275 2237 quam
1336 2168 1519 2240 erga
1595 2167 1762 2213 eum
1825 2143 2158 2238 gerebat,
2225 2143 2318 2214 ab
2379 2168 2470 2214 eo
2526 2141 2714 2214 desi·

476 2249 643 2322 diae
722 2275 1005 2322 moram
1064 2265 1470 2321 excuteret.
1592 2249 1782 2320 Cum
1841 2274 2021 2320 vero
2094 2265 2397 2322 sanctus
2469 2248 2716 2344 aliqua

476 2356 900 2429 infirmitate
939 2356 1105 2454 plus
1144 2355 1363 2428 solito
1401 2371 1860 2453 gravaretur,
1907 2357 2262 2452 parcebat
2300 2357 2510 2438 falc0‚
2575 2381 2714 2428 nec

474 2480 625 2536 tam
667 2465 1150 2560 tempestivas
1206 2463 1585 2536 indicebat
1641 2463 1952 2560 vigilias
2071 2462 2454 2560 Siquidem
2511 2463 2714 2535 velut

475 2570 875 2642 instructus
931 2596 976 2643 a
1033 2571 1222 2648 Deo,
1288 2570 1482 2642 circa
1538 2567 1940 2642 diluculum
2017 2571 2222 2642 vocis
2279 2594 2457 2642 suae
2516 2594 2709 2642 cam-

475 2702 747 2774 panam
825 2675 966 2749 levi
1024 2692 1227 2749 tactu
1294 2676 1657 2774 pulsabat.
1778 2676 2158 2749 Creatoris
2228 2675 2711 2772 praecipuum

474 2801 887 2856 amatorem
948 2809 1095 2856 non
1156 2783 1417 2856 mirum
1476 2783 1536 2855 si
1599 2801 2050 2855 venerantur
2124 2785 2454 2880 reliquae
2514 2809 2716 2856 crea-

480 2909 711 2962 turae.

1065 3227 1214 3341 [De
1266 3227 1590 3341 apibus}
1706 3234 2121 3306 CXXVIII.

649 3442 812 3528 169.
878 3438 957 3509 In
1020 3453 1269 3510 monte
1328 3439 1654 3534 quodam
1714 3440 2167 3534 quandoque
2220 3439 2484 3512 cellula
2522 3441 2714 3511 facta

476 3544 627 3628 suit,
676 3545 747 3616 in
789 3571 936 3641 qua
993 3570 1253 3616 servus
1310 3545 1455 3616 Dei
1516 3545 2015 3642 quadraginta
2072 3545 2359 3618 dierum
2403 3570 2714 3618 numero

475 3651 924 3749 rigidissime
999 3652 1536 3748 poenitentiam
1598 3651 1774 3749 egit.
1896 3653 2042 3745 Qui
2104 3678 2271 3723 cum
2341 3653 2715 3749 completo

473 3760 833 3854 temporis
908 3758 1150 3855 spatio
1223 3758 1397 3831 inde
1454 3760 1861 3841 recederet,
1925 3759 2127 3830 velut
2186 3760 2258 3830 in
2316 3758 2715 3830 solitudine

473 3866 717 3963 posita
747 3869 1030 3962 absque
1087 3865 1335 3961 aliquo
1377 3891 1809 3939 successore
1851 3865 2034 3939 cella
2076 3865 2454 3937 remansit.
2576 3865 2709 3938 Va·

474 3975 757 4045 sculum
835 3990 1181 4056 terreum,
1248 3999 1414 4045 cum
1492 3999 1641 4069 quo
1718 3990 2019 4045 sanctus
2084 3973 2341 4045 bibere
2399 3973 2711 4055 solebat,

474 4080 608 4151 fuit
649 4080 921 4151 ibidem
980 4079 1335 4152 relictum.
1453 4080 1741 4151 Euntes
1799 4097 2050 4152 autem
2110 4079 2450 4151 homines
2488 4104 2718 4176 quan-

624 4304 669 4356 3.
708 4291 755 4341 A
796 4306 890 4341 om.
932 4301 1085 4358 gestu
1235 4305 1282 4357 7.
1322 4289 1371 4340 A
1412 4288 1648 4359 quadam

2786 1853 2869 1900 10

2785 2387 2863 2453 15

2772 2916 2858 2963 20

2775 3785 2855 3852 25
