3142 4875
615 352 720 402 BEATI
748 352 934 403 FRANCISCI
1260 354 1334 423 239

212 461 1068 472 -—--—-—-—-——.——-—-.-—.-—

212 599 292 658 tate
313 577 649 658 sancti'Francisci.
707 586 815 658 Dixit
833 587 882 659 ad
902 613 987 660 eum
1008 603 1177 660 sanctus:
1203 588 1336 662 Frater

109 684 115 692 ⁸
215 691 433 788 guardiane,
457 717 606 788 semper
624 693 713 765 mihi
742 692 890 765 curialis
910 693 1018 776 luisti,
1042 695 1166 780 mod0‚
1188 719 1331 790 precor,

214 796 461 870 curialitatem
476 799 645 871 ostende.
689 800 1154 897 Responditguardianus:
1173 801 1249 874 Fac
1266 828 1335 898 pro

214 902 320 986 velle,
351 921 467 1001 pater,
498 904 679 1001 quidquid
698 907 765 977 tibi
788 907 939 1002 spiritus
967 907 1148 1004 suggerit.
1208 908 1334 981 Advo-

164 1033 181 1097 5
215 1036 304 1084 cans
333 1010 445 1108 igitur
473 1013 674 1109 quemdam
699 1012 889 1086 hominem
917 1016 1146 1087 saecularem
1177 1015 1332 1088 multum

213 1118 392 1190 devotum
420 1118 514 1191 dixit
543 1118 609 1191 illi:
641 1120 784 1217 Accipe
805 1120 902 1193 hunc
932 1122 1147 1194 mantellum
1176 1138 1214 1194 et
1244 1124 1333 1195 duo·

212 1225 335 1297 decim
355 1251 481 1322 paneS,
514 1242 552 1298 et
579 1227 721 1299 vadens
748 1225 800 1299 sic
821 1226 974 1323 loquere
1004 1227 1052 1300 illi
1082 1229 1332 1325 pauperculae

212 1333 375 1404 mulieri:
414 1333 561 1428 Pauper
597 1334 711 1405 homo
747 1334 804 1406 cui
838 1335 1084 1407 commodasti
1115 1336 1331 1408 mantellum
1436 1382 1438 1386 «

211 1439 352 1537 gratias
371 1439 436 1512 tibi
457 1439 536 1537 agit
555 1440 602 1512 de
623 1441 872 1526 mutuatione;
903 1442 970 1513 sed
1001 1467 1097 1514 nunc
1122 1443 1210 1515 tolle
1230 1444 1331 1539 quod

137 1566 181 1610 ro
210 1562 316 1617 tuum
346 1562 412 1618 est.
470 1546 540 1619 lvit
568 1546 637 1630 ille,
660 1564 698 1619 et
726 1547 821 1619 sicut
848 1547 1017 1621 audierat
1036 1548 1139 1621 dixit.
1198 1548 1333 1621 Existi·

211 1677 318 1724 mans
346 1652 488 1725 mulier.
505 1653 606 1726 illudi
635 1653 714 1735 sibi,
747 1680 831 1727 cum
860 1656 995 1727 rubore
1024 1656 1118 1726 dixit
1145 1656 1193 1728 ad
1222 1681 1329 1728 eum:

210 1759 369 1831 Dimitte
398 1760 514 1832 mein
536 1785 628 1856 pace
657 1786 742 1832 cum
771 1778 837 1833 tuo
865 1761 1060 1844 mantello;
1094 1761 1221 1834 nescio
1239 1762 1330 1857 quid

209 1866 384 1962 loquaris,
443 1867 559 1939 Instat
587 1867 711 1949 homo
734 1885 771 1940 et
791 1870 916 1940 omnia
944 1868 1050 1963 ponit
1078 1868 1114 1940 in
1145 1868 1326 1940 manibus

211 1972 465 2046 Considerans
493 1973 553 2047 illa
581 1975 750 2046 fraudem
775 2000 849 2046 non
869 2000 952 2046 esse
981 1974 1016 2046 in
1047 1975 1156 2058 iacto,
1179 1974 1329 2047 timens·

138 2098 179 2163 15
210 2105 284 2176 que
323 2104 369 2152 ne
402 2080 470 2152 sibi
507 2081 715 2153 auferretur
751 2098 827 2153 tam
870 2079 975 2153 facile
1018 2081 1171 2165 lucrum,
1209 2082 1329 2178 surgit

211 2202 333 2264 noctu.
363 2203 401 2259 et
428 2188 620 2260 oculorum
650 2213 776 2260 curam
798 2213 872 2260 non
896 2213 1039 2270 curans,
1062 2188 1215 2261 domum
1244 2213 1328 2260 cum

209 2292 386 2366 mantello
415 2295 636 2391 regreditur.

704 2509 902 2516 --...-———--

209 2685 415 2783 [Quomodo
453 2696 527 2757 tres
564 2686 737 2757 mulieres
773 2694 1033 2781 apparuerunt
1067 2684 1145 2757 sibi
1172 2685 1212 2755 in
1251 2685 1326 2766 oio,

260 2812 389 2897 etpost
407 2827 539 2873 novom
558 2802 818 2873 salutationem
837 2799 1135 2897 dszarueruntl
1203 2799 1284 2871 LX.

134 3041 179 3087 20
288 3040 350 3108 93.
371 3014 543 3088 Mirabile
563 3015 752 3111 quiddam,
765 3014 1073 3110 interpretatione
1089 3012 1253 3096 dubium,
1267 3039 1328 3085 ve·

206 3122 315 3194 ritate
331 3123 587 3206 certissimum,
606 3121 735 3219 paucis
751 3122 920 3193 reseram.
953 3120 1048 3193 Cum
1064 3145 1207 3217 pauper
1224 3120 1327 3191 Chri·

206 3229 252 3301 sti
282 3229 504 3302 Franciscus
533 3230 580 3301 de
609 3230 729 3301 Reate
763 3228 883 3300 Senas
920 3244 1139 3324 properaret
1172 3252 1241 3324 pro
1270 3252 1329 3299 re-

207 3337 332 3408 medio
346 3337 549 3418 oculorum,
568 3336 764 3407 transitum
785 3335 946 3407 iaciebat
960 3360 1027 3431 per
1041 3334 1192 3430 planum
1209 3359 1326 3429 prope

206 3468 354 3515 roccam
375 3442 594 3541 Campil[i]i,
620 3442 796 3515 comitem
816 3441 957 3514 itineris
977 3441 1119 3513 habens
1140 3439 1326 3512 medicum

135 3574 176 3641 25
206 3550 407 3647 quemdam
429 3550 562 3623 Ordini
583 3548 802 3646 obligatum.
860 3549 910 3620 Et
937 3574 1025 3620 ecce
1055 3564 1131 3620 tres
1152 3548 1326 3619 mulieres

206 3657 456 3753 pauperculae
483 3673 738 3754 apparuerunt
762 3656 865 3728 iuxta
884 3656 981 3727 viam
1003 3655 1038 3726 in
1060 3654 1214 3726 transitu
1244 3679 1325 3725 san·

206 3763 254 3836 cti
283 3762 481 3836 Francisci.
566 3763 628 3837 Sic
665 3780 791 3837 autem
824 3778 976 3845 statura,
1012 3777 1136 3843 aetate
1165 3778 1203 3832 et
1230 3760 1325 3833 facie

205 3869 343 3943 similes
379 3887 496 3953 erant,
529 3887 569 3943 ut
598 3870 792 3943 materiam
825 3869 1006 3966 triplicem
1043 3893 1116 3940 una
1151 3867 1325 3939 crederes

205 3978 324 4050 forma
352 3979 566 4075 perfectam.
624 3978 865 4050 Adveniente
898 3978 1023 4071 itaque
1052 3991 1182 4046 sancto
1211 3975 1325 4046 Fran-

137 4107 177 4170 30
205 4086 304 4158 cisco
324 4085 478 4157 flectunt
506 4084 589 4158 illae
619 4102 834 4157 reverenter
861 4084 1021 4156 vertices
1049 4107 1146 4163 suos¹
1170 4097 1208 4153 et
1228 4107 1325 4154 nova

205 4191 336 4290 ill[um]
355 4191 577 4265 salutatione
593 4191 852 4290 magnificant:
872 4192 974 4263 Bene
989 4188 1125 4275 veniat,
1140 4188 1322 4285 inquiunt,

277 4401 477 4473 17.mante110]
498 4405 527 4457 M
549 4402 720 4456 festinatione
795 4418 836 4469 24.
856 4405 880 4457 Α
901 4401 1030 4473 Campilli
1107 4400 1192 4470 31.A
1213 4399 1274 4453 illos
