3142 4875
227 327 298 396 282
600 350 772 400 Lunaunn
800 350 967 400 sacuxnn

223 582 426 656 altitudinis
455 582 513 656 via
545 603 672 681 patres
709 599 960 682 pervenerunt
987 583 1035 656 ad
1064 608 1239 681 regnum;
1280 581 1342 654 filii

223 690 258 762 in
280 689 433 763 circuitu
462 691 676 763 ambitionis
703 691 938 764 ambulantes
966 690 1064 763 viam
1094 688 1253 763 civitatis
1281 690 1343 761 ha·

222 796 372 870 bitaculi
393 822 466 869 non
486 796 689 893 requirunt.
749 797 849 891 Quid
878 815 1003 880 restat,
1028 797 1095 870 nisi
1117 813 1156 870 ut
1183 822 1342 892 quorum

224 903 322 976 viam
342 929 416 976 non
436 905 627 1001 sequimur
647 930 715 977 nec
735 905 894 1000 gloriam
917 902 1211 1001 consequamur?
1266 903 1344 975 Ab·

224 1010 271 1081 sit
299 1036 321 1083 a
350 1011 468 1095 nobis,
499 1010 674 1084 Domine.
733 1013 809 1084 Fac
842 1010 1001 1083 humiles
1029 1037 1112 1084 esse
1142 1010 1344 1106 discipulos
1375 1040 1393 1105 5

225 1119 293 1189 sub
316 1115 384 1190 alis
413 1117 605 1189 humilium
635 1118 918 1216 magistrorum:
950 1117 1007 1190 sac
1034 1116 1239 1190 benevolos
1258 1141 1345 1189 con·

224 1224 428 1321 sanguines
465 1223 625 1321 spiritus
656 1242 695 1298 et
721 1225 852 1298 videas
880 1224 975 1297 filios
1004 1224 1161 1297 filiorum
1195 1240 1343 1297 tuorum

225 1356 357 1425 pacem
386 1355 499 1428 super
526 1330 649 1404 lsrael.

651 1543 918 1555 „..—---—

335 1773 529 1871 [Qualiter
551 1799 589 1846 se
615 1774 715 1845 ulter
738 1774 856 1846 alteri
879 1772 1093 1871 commitit}
1152 1771 1235 1844 CX.

311 2008 392 2078 150.
425 1985 556 2059 Finitis
575 2003 615 2059 ut
635 1985 927 2083 supradiximus
947 1985 1252 2082 responsionibus
1272 2007 1347 2058 ser·
1381 2020 1422 2066 10

225 2118 354 2164 vorum
393 2092 477 2176 Dei,
510 2093 666 2166 multum
686 2095 734 2165 de
763 2093 955 2189 utriusque
985 2092 1219 2166 sermonibus
1248 2092 1347 2165 aedi·

227 2201 356 2272 ficatus
398 2199 571 2272 dominus
608 2200 797 2273 Ostiensis
834 2200 1035 2273 immensas
1076 2198 1163 2272 Deo
1204 2199 1347 2298 gratias

227 2305 315 2403 egit.
374 2305 666 2380 Discedentibus
694 2323 820 2380 autem
841 2306 928 2380 inde
948 2307 1094 2405 rogavit
1113 2308 1246 2379 beatus
1265 2306 1348 2378 Do-

228 2412 384 2485 minicus
412 2430 581 2486 sanctum
616 2412 856 2488 Franciscum
886 2431 926 2486 ut
953 2413 1022 2487 sibi
1051 2413 1241 2497 chordam,
1271 2438 1348 2510 qua

228 2520 459 2616 cingebatur,
490 2521 709 2618 dignaretur
737 2521 956 2595 concedere.
1016 2522 1158 2593 Lentus
1194 2521 1242 2593 ad
1275 2521 1347 2592 hoc
1381 2556 1418 2620 15

230 2626 327 2724 [luit]
351 2643 501 2700 sanctus
516 2628 748 2713 Franciscus,
770 2628 937 2727 [ealdem
958 2627 1164 2701 humilitate
1184 2652 1347 2700 renuens

227 2760 300 2828 qua
315 2732 374 2805 ille
391 2734 570 2807 charitate
585 2735 806 2831 deposcens,
835 2733 934 2807 Vicit
949 2752 1075 2807 tamen
1091 2733 1179 2806 selix
1195 2734 1347 2806 devotio

227 2839 458 2935 postulantis,
482 2858 519 2913 et
539 2867 757 2915 concessam
787 2843 856 2914 sub
886 2841 1049 2914 inferiori
1078 2841 1205 2914 tunica
1233 2842 1349 2913 devo-

227 2947 369 3019 tissime
405 2946 530 3020 cinxit.
597 2948 769 3021 Tandem
808 2973 940 3022 manus
979 2949 1075 3021 inter
1112 2974 1244 3020 manus
1279 2972 1348 3044 po-

228 3072 373 3136 nuntur,
392 3071 429 3126 et
444 3058 630 3150 mutu[ae]
649 3054 995 3128 commendationes
1014 3052 1226 3127 dulcissime
1241 3053 1345 3127 fiunt.
1377 3089 1424 3135 20

229 3161 334 3232 Dixit
361 3179 487 3233 autern
516 3178 667 3235 sanctus
696 3178 842 3234 sancto:
871 3161 1028 3246 Vellem,
1060 3162 1171 3234 srater
1200 3160 1348 3234 Franci·

228 3292 300 3349 sce,
320 3293 430 3339 unam
461 3268 538 3341 fieri
568 3268 789 3367 religionem
818 3285 920 3341 tuam
942 3286 980 3340 et
999 3294 1133 3350 meam,
1156 3285 1194 3341 et
1223 3269 1259 3340 in
1278 3268 1348 3339 Ec-

229 3373 340 3447 clesia
359 3376 439 3471 pari
459 3375 578 3448 forma
608 3402 675 3448 nos
703 3375 840 3448 vivere.
898 3375 1063 3448 Demum
1084 3402 1167 3448 curn
1186 3374 1268 3473 a[b]
1283 3375 1349 3446 'in-

229 3483 347 3554 uicem
367 3482 630 3566 discesserunt,
647 3481 741 3554 dixit
760 3500 911 3555 sanctus
931 3482 1152 3555 Dominicus
1180 3481 1348 3579 pluribus

228 3589 289 3684 qui
319 3606 406 3662 tunc
435 3589 609 3662 aderant:
641 3591 681 3662 ln
711 3590 868 3662 veritate
897 3588 981 3661 dico
1009 3588 1125 3673 vobis,
1148 3588 1247 3661 hunc
1266 3613 1348 3661 san·
1377 3619 1418 3685 25

229 3713 328 3767 ctum
357 3696 475 3767 virum
505 3696 745 3769 Franciscum
775 3696 911 3768 caeteri
950 3696 1113 3792 religiosi
1146 3696 1251 3792 sequi
1280 3694 1348 3767 de-

228 3805 369 3886 berent,
401 3819 505 3875 tanta
533 3819 590 3877 est
618 3827 709 3876 suae
737 3802 943 3876 sanctitatis
971 3801 1162 3899 perfectio

299 4011 359 4081 6-7.
379 4012 590 4082 consanguines]
612 4012 653 4063 Sir
673 4012 697 4065 A
775 4010 814 4066 16.
833 4014 857 4065 A
878 4030 926 4065 om.
946 4011 995 4064 fuit
1050 4011 1157 4079 eadem]
1179 4012 1203 4064 A
1222 4010 1349 4071 taddeum
1453 4046 1457 4054 .

230 4094 318 4144 litam
389 4107 427 4159 17.
440 4093 635 4162 qua]unam
710 4093 960 4146 18.Rconcessam
975 4090 1024 4144 sibi
1037 4091 1085 4144 sub
1156 4090 1349 4145 20.A1nutuo

229 4173 508 4225 recommendationes
587 4190 609 4241 3.
621 4174 644 4225 A
656 4173 689 4225 ad
749 4187 844 4242 23-24.
856 4171 1113 4241 ab-discesserunt]
1124 4173 1154 4225 M
1163 4172 1351 4223 abscesserunt

656 4408 921 4416 ---ι---
