3142 4875
616 362 722 412 annm
750 361 938 411 aruncum
1263 337 1332 408 281

218 591 428 691 Episcopo:
460 590 636 678 Domine,
658 590 778 690 gradu
808 592 918 675 bono,
950 589 981 663 si
1009 606 1256 688 cognoscunt,
1277 616 1339 664 su-

217 699 359 772 blimati
399 715 485 771 sunt
522 699 654 771 iratres
691 698 773 781 mei,
807 723 875 769 nec
904 722 973 794 pro
1001 721 1086 770 meo
1114 721 1226 794 posse
1254 723 1340 795 per-

219 807 363 879 mittam
396 821 436 878 ut
475 804 576 878 aliud
618 820 867 901 assequantur
903 802 1094 902 specimen
1131 804 1337 901 dignitatis,

218 912 324 986 Haec
353 912 479 1008 itaque
499 912 552 985 sic
577 911 741 984 breviter
759 926 969 1007 perorante,
993 908 1174 983 inclinans
1194 936 1234 984 se
1254 912 1339 984 bea·

172 1050 188 1114 5
217 1037 277 1091 tus
306 1018 527 1092 Franciscus
555 1044 682 1092 coram
710 1017 901 1115 Episcopo
929 1017 1042 1090 dixit:
1068 1017 1243 1102 Domine,
1276 1019 1339 1091 mi-

219 1151 329 1199 nores
358 1124 444 1198 ideo
470 1124 592 1198 vocati
621 1141 708 1197 sunt
736 1125 868 1197 iratres
897 1124 969 1198 mei
999 1138 1040 1196 ut
1068 1124 1228 1198 maiores
1261 1124 1339 1198 fieri

219 1258 293 1306 non
313 1249 564 1329 praesumant.
622 1231 747 1305 Docet
765 1230 913 1305 vocatio
933 1229 969 1303 in
989 1231 1103 1328 plano
1122 1229 1335 1317 subsistere,

218 1355 256 1413 et
283 1338 500 1413 humilitatis
529 1338 667 1412 Christi
696 1338 802 1436 sequi
831 1336 1002 1435 vestigia,
1024 1362 1100 1435 quo
1128 1339 1281 1411 tandem
1301 1340 1337 1411 in

218 1446 454 1544 respectione
472 1461 686 1519 sanctorum
715 1445 799 1543 plus
818 1443 899 1518 aliis
926 1444 1147 1518 exaltentur.
1204 1444 1244 1518 Si
1263 1447 1339 1519 vul-

151 1581 190 1628 ιο
218 1554 274 1636 tis,
305 1553 367 1637 ait,
399 1569 440 1626 ut
468 1555 625 1625 fructum
658 1552 815 1625 afferant
843 1551 878 1624 in
909 1551 1078 1626 Ecclesia
1106 1550 1190 1637 Dei,
1214 1567 1339 1625 tenete

218 1660 299 1734 illos
327 1676 366 1732 et
394 1674 615 1733 conservate
644 1659 679 1731 in
709 1675 808 1731 statu
828 1658 1036 1732 vocationis
1063 1683 1204 1744 eorum,
1227 1675 1265 1732 et
1291 1661 1339 1732 ad

218 1767 330 1864 plana
357 1765 524 1840 reducite
543 1765 602 1838 vel
631 1765 777 1838 invitos.
837 1765 974 1838 Precor
992 1765 1128 1861 itaque,
1151 1780 1268 1862 pater,
1292 1791 1340 1838 ne

218 1871 456 1970 superbiores
475 1898 550 1970 quo
578 1873 821 1970 pauperiores
840 1870 1031 1955 exsistant,
1054 1887 1092 1945 et
1110 1888 1240 1946 contra
1260 1897 1340 1945 cae-

218 1998 319 2054 teros
355 1980 591 2063 insolescant,
626 1980 674 2052 ad
711 1977 981 2076 praelationem
1019 1976 1099 2051 illos
1135 1979 1340 2052 ascendere

151 2109 187 2175 15
221 2087 428 2161 nullatenus
456 2085 690 2184 permittatis.
740 2085 846 2158 Haec
875 2086 1070 2157 beatorum
1090 2110 1281 2182 responsa.

304 2217 386 2285 149.
419 2193 520 2289 Quid
557 2191 678 2265 dicitis
714 2191 776 2264 filii
809 2190 1050 2264 sanctorum?
1114 2192 1339 2290 Degeneres

216 2326 285 2374 vos
321 2302 421 2375 zelus
450 2316 487 2374 et
516 2298 654 2374 invidia
690 2300 835 2396 probat,
868 2322 937 2370 nec
966 2297 1088 2371 minus
1125 2297 1339 2395 illegitimos

217 2413 401 2481 honorum
434 2406 599 2482 ambitio.
658 2407 822 2480 Invicem
859 2404 1037 2478 mordetis
1065 2420 1104 2478 et
1132 2403 1336 2492 comeditis,

218 2541 286 2588 nec
323 2514 421 2588 bella
448 2533 486 2589 et
514 2514 598 2587 lites
635 2514 704 2587 nisi
733 2539 780 2586 ex
810 2510 1121 2610 concupiscentiis
1158 2511 1335 2585 oriuntur.

147 2645 189 2692 20
218 2614 442 2696 Colluctatio
469 2622 576 2695 vobis
604 2623 784 2694 adversus
813 2620 914 2693 acies
943 2621 1191 2703 tenebrarum,
1224 2636 1339 2693 certa·

217 2755 303 2802 men
331 2729 428 2802 sorte
456 2746 585 2802 contra
613 2728 801 2801 exercitus
829 2729 1068 2812 daemonum,
1090 2741 1127 2799 et
1156 2727 1339 2799 intervos

218 2860 434 2909 mucronem
470 2836 701 2917 convertitis;
740 2834 859 2906 versis
890 2834 1054 2907 vultibus
1090 2832 1126 2905 in
1163 2833 1339 2931 propitia-

217 2943 352 3015 tiorum
373 2942 599 3016 familiariter
617 2967 659 3015 se
678 2941 882 3039 respiciunt
901 2957 1027 3037 patres
1046 2939 1145 3038 pleni
1171 2940 1337 3023 scientia,

217 3049 278 3122 filii
308 3075 398 3123 vero
426 3049 563 3123 invidia
592 3049 691 3147 pleni
728 3074 866 3146 graves
897 3063 985 3119 sunt
1022 3046 1179 3120 invicem
1209 3048 1258 3120 ad
1285 3047 1340 3120 vi-

145 3179 187 3245 25
217 3158 393 3230 dendum.
452 3156 553 3250 Quid
583 3181 719 3252 corpus
747 3156 867 3237 saciet,
899 3152 929 3226 si
959 3179 1024 3226 cor
1051 3155 1248 3249 divi[s]um
1279 3155 1339 3227 ha-

218 3262 362 3336 buerit?
417 3262 518 3337 Sane
550 3289 618 3359 per
645 3263 860 3335 universum
899 3262 1078 3333 mundum
1117 3261 1339 3334 fructuosius

216 3371 366 3467 pietatis
403 3371 574 3443 doctrina
608 3369 816 3467 proficeret,
849 3369 879 3440 si
911 3368 1097 3440 ministros
1124 3369 1228 3440 verbi
1265 3368 1337 3440 Dei

218 3478 407 3551 charitatis
435 3476 622 3549 vinculum
642 3477 773 3549 fortius
793 3475 961 3548 couniret
973 3501 980 3559 ;
1003 3492 1217 3571 suspectum
1239 3500 1339 3547 nam·

218 3610 290 3680 que
310 3586 412 3680 quod
440 3582 627 3680 loquimur
654 3582 714 3656 vel
742 3585 923 3656 docemus
951 3581 1036 3654 hinc
1066 3580 1227 3654 maxime
1257 3582 1337 3653 red·

148 3712 190 3779 30
218 3691 325 3778 ditur,
348 3717 422 3787 quo
452 3691 487 3764 in
519 3691 625 3763 nobis
654 3691 876 3763 fermentum
906 3690 1097 3786 quoddam
1117 3687 1192 3760 odii
1222 3687 1338 3784 signis

219 3797 453 3871 evidentibus
491 3798 780 3874 demonstratur.
837 3795 923 3869 Scio
961 3796 1046 3868 hinc
1085 3796 1171 3867 inde
1200 3796 1338 3891 probos

220 3930 292 3977 non
312 3930 396 3977 esse
425 3904 461 3977 in
491 3930 653 3989 causam,
674 3905 741 3976 sed
762 3904 963 4001 improbos,
985 3927 1091 3999 quos
1114 3926 1161 3973 ne
1189 3916 1338 3973 sanctos

219 4012 420 4095 inficerent,
445 4010 577 4084 merito
607 4011 799 4083 crederem
820 4009 1092 4106 exstirpandos.
1152 4008 1253 4101 Quid
1274 4008 1339 4081 de-

220 4144 319 4190 mum
348 4119 397 4191 de
425 4118 499 4190 alta
527 4117 757 4216 sapientibus
790 4116 935 4189 dicam?
991 4116 1230 4197 Humilitatis
1264 4140 1337 4187 non

288 4361 312 4411 4.
333 4345 366 4398 Μ
382 4345 441 4398 Hoc
461 4345 542 4415 igitur
633 4359 671 4397 12.
691 4344 746 4414 vel]
768 4345 800 4397 M
816 4343 879 4397 illos
973 4341 1219 4415 15-8(pog.282).
1242 4343 1339 4396 lton.

221 4423 413 4479 Haec-lsrael
487 4441 528 4496 25.
548 4427 573 4479 A
593 4424 715 4477 divinum
791 4441 831 4496 30.
851 4424 918 4492 odii]
940 4424 960 4476 R
982 4424 1064 4476 hodie
