3142 4875
262 377 330 453 172
633 383 805 432 recurvus
833 382 998 431 sucuxnn

255 612 341 685 dem
371 629 481 685 nocte
509 613 670 710 quadam
701 612 852 709 quidam
882 612 1003 708 ipsum
1031 614 1197 685 secundo
1226 639 1293 709 per
1319 613 1375 685 vi-

256 718 399 791 sionem
418 718 626 816 alloquitur,
650 735 687 793 et
714 744 790 815 quo
818 718 973 791 tendere
996 718 1085 792 velit
1109 720 1264 792 sollicite
1292 745 1374 817 per-

255 841 450 898 scrutatur.
510 826 578 899 Cui
601 852 684 899 cum
713 852 821 898 suum
841 843 1052 899 enarrasset
1070 827 1314 923 propositum,
1336 843 1374 899 et

256 933 291 1003 in
320 932 497 1029 Apuliam
527 933 766 1006 militaturum
800 932 983 1028 proficisci
1012 958 1053 1005 se
1082 933 1233 1018 diceret,
1265 935 1373 1006 inter-

255 1054 409 1136 rogatus
438 1039 485 1112 ab
514 1041 647 1113 'eodem
678 1037 844 1123 sollicite,
876 1039 959 1135 quis
988 1040 1056 1112 sibi
1093 1040 1223 1112 melius
1251 1041 1372 1114 lacere
1401 1065 1420 1128 5

255 1164 378 1242 queat,
400 1171 530 1219 servus
549 1173 595 1221 an
617 1146 813 1219 dominus?
839 1146 1079 1218 Franciscus:
1102 1147 1298 1231 Dominus,
1322 1147 1373 1219 in-

255 1253 344 1348 quit.
402 1253 451 1325 Et
466 1253 540 1326 ille:
565 1255 641 1326 Cur
660 1279 753 1351 ergo
772 1277 922 1326 servum
942 1279 1010 1350 pro
1030 1253 1182 1326 domino
1201 1253 1372 1349 quaeris?

254 1360 304 1431 Et
332 1359 569 1433 Franciscus:
603 1361 704 1455 Quid
741 1385 800 1433 me
833 1359 954 1431 lacere
984 1360 1049 1443 vis,
1083 1360 1267 1433 Domine?
1323 1361 1373 1432 Et

255 1466 440 1538 Dominus
467 1468 515 1539 ad
544 1493 644 1539 eum:
676 1468 892 1547 Revertere,
923 1467 983 1549 ait,
1009 1468 1057 1540 ad
1077 1482 1215 1540 terram
1245 1466 1372 1540 nativi·

254 1574 339 1646 tatis
367 1590 454 1645 tuae
482 1576 569 1670 quia
596 1575 748 1646 visionis
776 1591 863 1645 tuae
892 1573 961 1645 erit
988 1598 1056 1670 per
1085 1599 1144 1646 me
1173 1575 1373 1670 spiritualis
1405 1597 1446 1643 10

254 1677 430 1776 impletio.
487 1681 702 1753 Revertitur
729 1682 872 1777 absque
902 1705 1014 1761 mora,
1037 1679 1109 1754 iam
1139 1682 1256 1754 forma
1282 1681 1373 1754 obe·

253 1786 416 1859 dientiae
444 1786 572 1869 lactus,
595 1806 633 1859 et
653 1787 841 1883 propriam
866 1786 1045 1859 abdicans
1074 1787 1303 1861 voluntatem
1324 1789 1372 1861 de

253 1892 366 1965 Saulo
387 1892 522 1966 Paulus
552 1894 719 1966 eflicitur.
778 1893 1029 1966 Prosternitur
1048 1892 1118 1976 ille,
1150 1913 1187 1967 et
1216 1895 1371 1968 verbera

252 2002 345 2072 dura
374 2002 488 2073 verba
516 2002 638 2074 dulcia
668 2002 841 2098 gignunt.
900 2001 1122 2073 Franciscus
1150 2027 1240 2073 vero
1268 2026 1372 2074 arma

252 2107 415 2180 carnalia
444 2108 479 2179 in
514 2107 718 2204 spiritualia
750 2107 869 2189 vertit,
902 2124 940 2177 et
967 2133 1037 2203 pro
1072 2109 1218 2180 militari
1252 2108 1371 2206 gloria
1404 2129 1444 2196 15

252 2213 418 2286 divinum
458 2214 610 2310 suscipit
645 2214 909 2310 praesidatum.
972 2213 1217 2310 Stupentibus
1246 2217 1372 2311 itaque

252 2320 375 2392 multis
404 2321 580 2393 laetitiam
610 2321 689 2393 eius
718 2320 914 2402 insolitam,
943 2321 1092 2393 dicebat
1121 2348 1160 2393 se
1192 2346 1370 2418 magnum

253 2427 458 2524 principem
487 2428 695 2501 affuturum.

274 2781 468 2879 [Qualiter
483 2808 565 2855 eum
587 2787 761 2856 iuvenum
780 2786 902 2866 turba,
921 2796 1035 2858 utens
1046 2797 1225 2881 pasceret,
1242 2811 1352 2857 suum

344 2902 536 2973 dominum
555 2903 700 2983 statuit,
722 2913 755 2974 et
772 2904 815 2974 de
832 2929 901 2974 suu
922 2903 1149 3001 mutatione]
1213 2903 1271 2973 lll.
1400 2938 1442 2984 20

335 3136 366 3205 7.
387 3115 518 3211 lncipit
537 3115 789 3188 transformari
807 3114 842 3186 in
858 3114 976 3187 virum
993 3116 1208 3211 perlectum,
1227 3132 1265 3188 et
1277 3117 1371 3188 alter

251 3247 298 3293 ex
328 3219 445 3293 altero
465 3222 554 3293 beri.
604 3223 816 3318 Regressus
842 3221 956 3319 igitur
983 3224 1134 3294 domum
1164 3239 1371 3318 sequuntur

251 3353 337 3399 eunt
354 3327 415 3400 filii
433 3328 644 3423 Babylonis,
668 3327 792 3401 etalio
808 3329 1053 3427 tra[b]entem
1071 3330 1222 3401 trahunt
1236 3330 1284 3400 ad
1299 3327 1370 3402 alia

250 3434 309 3506 vel
339 3434 504 3508 invitum.
564 3437 662 3508 Nam
693 3435 868 3508 iuvenum
898 3437 1006 3508 turba
1035 3435 1194 3508 civitatis
1223 3435 1367 3522 Assisii,

251 3541 314 3637 qui
331 3541 452 3637 ipsum
463 3540 550 3613 olim
562 3542 770 3615 habuerant
784 3568 875 3615 suae
890 3542 1065 3616 vanitatis
1075 3543 1366 3638 praeambulum,
1400 3565 1437 3634 25

249 3647 354 3720 addit
368 3648 490 3721 adhuc
505 3674 590 3721 eum
607 3651 654 3721 ad
671 3647 821 3722 socialia
837 3649 994 3746 prandia
1009 3648 1174 3732 invitare,
1189 3649 1370 3744 inquibus

251 3754 424 3828 lasciviae
454 3780 603 3852 semper
622 3771 661 3827 et
679 3755 890 3829 scurrilitati
915 3755 1083 3828 servitur.
1142 3756 1304 3854 Eligitur
1321 3757 1370 3828 ab

251 3862 305 3934 eis
332 3862 369 3935 in
398 3864 543 3946 ducem,
566 3877 724 3959 experta
744 3864 894 3960 saepius
922 3862 1142 3935 liberalitate
1163 3862 1277 3959 ipsius
1297 3887 1370 3959 qua

250 3969 504 4042 indubitanter
531 3969 700 4042 sciebant
728 3969 849 4066 ipsum
887 3995 1072 4065 expensas
1100 3995 1169 4066 pro
1197 3970 1371 4041 omnibus

250 4076 467 4148 soluturum.
528 4076 761 4150 Obedientes
790 4102 831 4149 se
851 4077 989 4149 iaciunt
1009 4094 1049 4149 ut
1074 4074 1253 4172 impleant
1279 4101 1371 4149 ven·
1400 4102 1440 4167 30

324 4303 344 4339 1.
358 4289 385 4339 ll
395 4305 443 4340 out.
455 4289 563 4358 quidam
639 4306 660 4357 3.
673 4291 703 4341 ,ll
712 4304 848 4342 enarraret
919 4305 981 4355 4-5.
994 4290 1023 4342 ll
1032 4289 1211 4357 interrogatur
1288 4287 1326 4341 16.
1341 4289 1370 4341 ll

250 4366 381 4418 diutinum
474 4383 516 4420 22,
539 4369 569 4419 ll
591 4367 766 4437 insequuntur
857 4384 897 4437 23.
921 4370 945 4420 Α
969 4367 1133 4428 tradentem;
1161 4370 1190 4421 ,tl
1214 4369 1367 4420 tendentem

251 4458 292 4508 25.
313 4445 344 4497 M
359 4465 427 4516 quae
447 4459 468 4502 et
489 4450 531 4512 lag.
552 4448 682 4499 habuerat
