3142 4875
237 300 307 367 106
630 319 802 367 [noanon
830 317 942 365 ruina

229 428 387 437 fi———-——
396 429 517 435 m
806 429 816 434 .
1042 426 1352 433 .-——--.————

231 552 288 625 vir
316 552 550 648 loquebatur,
581 550 762 647 quidquid
791 550 951 622 faciebat
978 549 1150 646 placebat
1177 549 1222 632 ei,
1247 566 1285 621 et
1314 550 1351 620 in

231 659 310 732 sola
330 658 472 731 visione
493 658 587 729 illius
606 683 720 754 saepe
744 674 845 729 totus
873 656 1114 729 afficiebatur.
1172 656 1353 728 Testatur

230 767 309 863 ipse
331 765 377 838 de
399 790 456 847 eu,
479 767 580 860 quod
601 789 804 860 numquam
834 763 870 835 in
900 780 1003 835 tanta
1031 781 1131 835 esset
1160 763 1351 859 perturba·

229 875 343 956 tione,
374 899 439 945 seu
469 871 582 944 animi
612 889 725 952 motu,
747 872 849 966 quod
884 870 919 942 in
950 870 1092 942 visione
1119 895 1163 942 ac
1193 869 1351 942 collocu-

227 980 330 1053 tione
360 978 477 1051 sancti
506 977 695 1052 Francisci
715 1003 828 1049 omne
848 977 982 1049 mentis
1004 976 1168 1048 nubilum
1199 1002 1273 1048 non
1295 977 1350 1048 di·
1385 1002 1403 1066 5

228 1087 401 1159 scederet
428 1086 641 1181 rediretque
669 1109 855 1165 serenum,
878 1084 1106 1181 effugaretur
1133 1084 1278 1156 accidia
1313 1100 1351 1156 et

228 1194 409 1291 gaudium
438 1193 601 1288 desuper
628 1191 820 1286 aspiraret.
880 1191 1117 1290 hlinistrabat
1136 1191 1207 1263 iste
1236 1191 1351 1263 beato

227 1299 428 1372 Francisco
457 1315 648 1395 tamquam
678 1323 808 1370 servus
837 1297 990 1369 domino
1025 1322 1103 1380 suo,
1135 1314 1174 1368 et
1202 1296 1351 1392 quoties

226 1408 380 1479 videbat
404 1431 501 1489 eum,
523 1421 713 1502 tamquam
744 1404 882 1476 Christi
911 1405 1083 1501 apostolo
1103 1404 1349 1476 reverentiam

170 1552 176 1563 ·
228 1513 440 1594 exhibebat,
459 1529 496 1584 et
515 1508 691 1584 inclinato
712 1528 870 1607 utroque
890 1510 1051 1591 homine,
1083 1536 1196 1606 saepe
1218 1535 1350 1581 manus
1384 1534 1426 1580 10

227 1621 309 1692 eius
337 1620 624 1691 deosculabatur
657 1644 722 1691 ore
754 1634 912 1690 sacrato.
972 1617 1139 1689 Curabat
1172 1617 1349 1689 sollicitus

227 1741 266 1800 et
294 1727 453 1798 devotus
482 1727 672 1822 quomodo
692 1726 824 1797 beatus
845 1741 950 1821 pater
970 1749 1191 1819 recuperare
1221 1739 1349 1819 posset

226 1833 419 1906 oculorum
439 1830 630 1929 pristinam
653 1832 861 1913 sanitatem,
880 1831 1001 1903 sciens
1021 1856 1106 1902 eum
1126 1832 1246 1901 virum
1267 1856 1349 1903 san-

227 1955 328 2012 ctum
365 1957 403 2012 et
441 1941 587 2021 iustum,
621 1954 658 2011 et
694 1938 888 2010 Ecclesiae
926 1936 998 2009 Dei
1030 1937 1281 2010 necessarium
1310 1953 1348 2008 et

225 2047 353 2119 utilem
382 2046 492 2142 valde
522 2044 640 2118 nimis.
700 2044 1010 2140 Compatiebatur
1029 2071 1142 2144 super
1160 2070 1246 2116 eum
1267 2043 1348 2114 uni'-
1383 2066 1421 2131 15

225 2179 357 2226 versae
387 2153 672 2251 congregationi
704 2153 866 2231 fratrum,
899 2167 937 2223 et
975 2150 1068 2223 filios
1102 2149 1348 2223 miserabatur

227 2261 262 2333 in
279 2278 434 2357 patrem.
493 2261 675 2332 Monebat
695 2258 854 2354 proinde
873 2275 1043 2329 sanctum
1060 2275 1203 2353 patrem
1219 2282 1346 2329 curam

226 2393 359 2466 gerere
390 2367 455 2451 sui,
488 2383 526 2439 et
563 2364 784 2438 infirmitatis
823 2365 1033 2437 necessaria
1070 2390 1142 2437 non
1172 2362 1344 2450 abiicere,

226 2475 350 2545 nead
386 2489 581 2569 peccatum
610 2472 760 2568 aliquod
799 2471 922 2569 potius
951 2473 1140 2568 quam-ad
1173 2471 1345 2544 meritum

183 2628 185 2631 -
225 2581 357 2652 horum
375 2581 617 2676 deputaretur
632 2579 781 2651 incuria.
841 2579 1000 2651 Sanctus
1015 2578 1237 2650 Franciscus
1257 2603 1347 2651 vero
1379 2601 1424 2647 20

226 2712 323 2782 quae
344 2686 411 2758 sibi
431 2711 453 2758 a
473 2703 548 2758 tam
570 2688 776 2758 reverendo
793 2685 958 2772 ¹domino
987 2701 1024 2757 et
1053 2700 1129 2758 tam
1155 2684 1346 2757 carissimo
1461 2680 1464 2685 ’

225 2810 331 2890 patre
351 2792 570 2865 dicebantur
588 2794 776 2892 humiliter
793 2794 1026 2874 obseruabat,
1046 2792 1189 2864 cautius
1210 2791 1346 2864 deinde

224 2926 345 2997 agens
374 2916 412 2972 et
448 2900 616 2974 securius
654 2899 865 2972 necessaria
904 2924 1014 2970 curae
1044 2925 1145 2971 suae.
1204 2898 1280 2970 Sed
1309 2899 1346 2971 in

226 3023 369 3082 tantum
386 3008 459 3080 iam
473 3010 674 3101 [creverat]
694 3008 841 3084 malum,
855 3006 956 3101 quod
972 3006 1019 3077 ad
1036 3004 1242 3077 remedium
1259 3030 1347 3100 qua·

225 3113 422 3209 lecumque
451 3111 665 3187 acutissima
695 3113 908 3208 requirebat
937 3112 1098 3208 ingenia,
1122 3127 1159 3184 et
1188 3112 1347 3183 acerbis·
1379 3134 1420 3199 25

224 3221 319 3294 sima
350 3220 627 3317 [medicamina]
661 3220 902 3316 exposcebat.
960 3218 1096 3314 Sicque
1122 3219 1259 3291 sactum
1290 3235 1347 3291 est

225 3329 326 3423 quod
356 3330 391 3399 in
421 3328 588 3424 pluribus
618 3326 708 3398 locis
737 3313 894 3398 decocto
924 3325 1055 3421 capite,
1074 3326 1199 3397 incisis
1227 3326 1343 3409 venis,

224 3434 469 3530 superpositis
489 3435 698 3530 emplastris
718 3450 755 3505 et
771 3433 945 3504 immissis
965 3431 1136 3527 collyriis,
1157 3431 1243 3503 nihil
1265 3455 1348 3527 pro-

226 3541 361 3622 ficeret,
394 3541 462 3613 sed
491 3541 596 3637 quasi
626 3566 774 3636 semper
803 3539 967 3612 deterius
996 3565 1036 3610 se
1066 3539 1231 3611 haberet.

298 3741 543 3812 1.Retquidquid
620 3757 641 3793 2.
659 3741 741 3810 illius]
763 3742 820 3804 As,
844 3742 865 3793 P
883 3742 966 3809 ipsius
1020 3741 1199 3808 Homsncpe
1275 3741 1349 3809 3.05

222 3835 361 3877 orntnma
437 3822 703 3890 3-.‡.llturbatione
786 3821 960 3886 4.Hc0rdis
976 3838 1022 3873 seu
1040 3821 1122 3872 animi
1140 3821 1203 3890 quin
1221 3822 1247 3872 in
1304 3820 1349 3872 As

222 3921 270 3955 orn.
291 3904 316 3954 in
401 3902 459 3968 5-6.
480 3903 509 3954 tl
528 3903 642 3954 disceret
720 3917 744 3969 7.
765 3901 826 3968 iste]
848 3901 895 3954 As
911 3901 957 3951 ille
1035 3917 1072 3954 10.
1097 3917 1176 3969 saepe
1196 3900 1349 3966 ruanus]E

222 3984 302 4052 pedes
372 3982 603 4035 11.ASom.cius
645 3982 850 4034 losculabatur
887 3981 1157 4048 sacrato]llsccrero
1232 3995 1346 4049 raquo·

222 4062 403 4130 modolliut
459 4062 818 4130 beatuspaterlennctus
894 4061 1055 4129 13.ASom
1085 4062 1171 4112 uirum
1243 4059 1349 4128 15.A5

221 4142 401 4205 valdc,nimis
421 4158 512 4211 comp.
589 4145 627 4192 18.
643 4142 746 4209 gerere]
765 4142 799 4194 Os
816 4158 896 4207 agere
934 4141 974 4192 sui
988 4141 1026 4209 er]
1042 4141 1089 4194 As
1103 4157 1167 4192 suae
1242 4155 1284 4193 20.
1300 4139 1347 4191 ho·

222 4223 348 4288 rumlOs
371 4223 473 4274 homini
549 4237 590 4288 23.
616 4222 705 4289 curae]
729 4222 854 4275 Osviue
928 4237 1022 4290 23-24.
1043 4223 1068 4274 in
1089 4221 1205 4288 tantum]
1228 4220 1275 4273 AS
1291 4223 1346 4280 itas

224 4303 389 4356 Orinterim
464 4304 547 4366 24.13
567 4315 703 4355 creaverat
758 4303 842 4372 quod]
866 4302 930 4354 llut
1010 4299 1346 4354 26.Bom.medicamina
1403 4311 1407 4314 ’

222 4398 263 4450 27.
285 4384 369 4450 quod]
389 4383 434 4436 As
450 4397 478 4435 ut
534 4384 563 4435 ,ll
583 4384 688 4434 detorto
