3142 4875
262 340 403 390 XXXVIII
685 338 964 389 PROLEGOMENA

327 565 373 631 Ut
388 581 556 630 testaretur
571 560 657 629 haud
676 558 840 628 modicam
856 584 953 649 quam
975 560 1007 627 in
1027 560 1266 648 compositione
1290 558 1385 628 huius

262 673 331 740 libri
347 689 470 761 partem
490 669 666 737 habuerant
682 669 781 750 Socii,
801 669 950 736 Thomas
967 691 1080 736 eorum
1097 670 1234 736 nomine
1245 668 1387 757 loquitur

260 781 293 846 in
310 778 464 866 Prologo,
478 776 575 844 etiarn
590 798 647 843 sua
664 775 782 843 faciens
798 775 895 842 verba
914 776 1057 863 ipsomm
1073 776 1106 843 in
1119 775 1254 863 epistola
1267 775 1306 841 ad
1320 775 1385 842 Ge·

259 886 414 964 neralem,
431 886 595 951 etiterum
612 883 644 949 in
663 882 824 950 Oratione
839 881 927 949 finali
944 883 1058 950 Socios
1074 882 1214 964 adducit,
1232 883 1286 970 qui
1303 882 1385 949 San·

261 1012 347 1060 ctum
368 1010 502 1059 exorant
520 1013 575 1078 pto
600 991 688 1077 ipso:
717 990 970 1078 «Supplicamus
993 992 1142 1058 etiam...
1164 1013 1222 1079 pro
1238 991 1293 1057 illo
1317 990 1384 1057 filio

260 1119 329 1181 tuo,
351 1100 406 1187 qui
430 1120 516 1164 nunc
540 1115 572 1165 et
596 1096 674 1162 olim
695 1095 833 1164 devotus
856 1116 910 1164 tua
934 1098 1057 1185 scripsit
1081 1098 1261 1185 praeconia.
1310 1097 1384 1164 Hoc

260 1207 329 1295 ipse
352 1203 591 1293 opusculum...
618 1225 681 1270 una
704 1202 876 1271 nobiscum
899 1203 954 1271 tibi
979 1202 1072 1269 offert
1095 1223 1127 1270 et
1151 1202 1276 1270 dedicat
1291 1229 1323 1270 n.

329 1314 397 1396 Qui
426 1310 647 1378 authenticum
679 1313 851 1377 aestimant
880 1333 961 1400 opus
989 1311 1230 1379 traditionaliter
1262 1310 1383 1377 dictum

262 1419 400 1508 Legenda
423 1420 514 1485 triam
536 1416 699 1498 Sociorum,
709 1417 744 1470 (¹)
768 1418 801 1483 in
824 1417 879 1483 illo
909 1418 1082 1485 inveniunt
1111 1416 1235 1484 fontem
1264 1418 1384 1504 primae

261 1525 432 1613 particulae
445 1542 478 1590 et
490 1523 722 1591 nonnullorum
736 1522 950 1610 capitulorum
964 1522 1124 1591 secundae
1137 1523 1280 1610 partis.(²)
1319 1522 1383 1590 Sed

261 1633 339 1699 haec
355 1631 590 1710 authenticitas,
609 1629 704 1697 hodie
720 1631 801 1697 serie
814 1630 965 1712 discussa,
984 1630 1176 1698 anonnullis
1191 1649 1336 1717 negatur,
1352 1650 1384 1699 et

261 1740 338 1827 quin
351 1736 389 1804 ab
402 1737 466 1803 hoc
478 1736 635 1824 opusculo
648 1738 888 1825 promanaverit
902 1737 1054 1825 Legenda
1069 1736 1385 1817 secundaTltomae,

262 1845 407 1913 volunte
421 1863 532 1911 contra
548 1843 616 1909 eius
629 1865 710 1930 opus
723 1865 792 1910 esse
808 1842 932 1910 fontem
950 1844 1094 1933 opusculi
1108 1845 1210 1911 Sociis
1226 1842 1383 1930 adscripti.

263 1952 423 2034 Quamvis
444 1973 518 2037 ego,
538 1971 612 2016 cum
631 1950 666 2015 P.
683 1950 756 2016 Van
777 1948 949 2037 Ortroy,<³)
965 1953 1146 2018 existimem
1166 1952 1227 2018 tale
1246 1972 1385 2037 opuscu-

261 2058 328 2124 lum
347 2057 557 2145 compilatum
572 2055 668 2124 fuisse
684 2056 810 2124 labente
826 2057 954 2125 saeculo
971 2078 1040 2137 xur,
1058 2080 1124 2124 non
1141 2056 1215 2125 ideo
1231 2078 1383 2145 negarem

262 2166 397 2231 inveniri
417 2185 511 2253 posse
528 2164 561 2230 in
577 2186 617 2229 eo
638 2164 896 2250 particularitates
913 2188 994 2253 quae
1014 2186 1032 2229 a
1048 2166 1151 2232 Sociis
1169 2164 1294 2231 fuerant
1313 2183 1384 2230 nar·

262 2292 359 2350 ratae,
376 2271 448 2338 licet
468 2294 536 2338 non
560 2271 599 2337 sit
622 2294 735 2339 eorum
755 2294 839 2359 opus
859 2274 1050 2359 genuinum.
1098 2272 1202 2338 Facile
1222 2272 1309 2337 enim
1329 2270 1384 2337 ad·

262 2379 343 2445 mitti
369 2396 474 2466 potest
497 2377 652 2467 Speculum
676 2400 742 2445 non
767 2379 878 2446 omnia
901 2402 983 2468 quae
1007 2381 1200 2468 scripserunt
1224 2378 1310 2446 Socii
1334 2400 1383 2445 te·

262 2484 352 2565 ferre,
377 2485 500 2551 etiamsi
525 2486 732 2573 compilatum
758 2485 853 2553 fuerit
876 2510 914 2552 ex
943 2488 1066 2574 scriptis
1094 2510 1219 2567 eorum,
1243 2507 1319 2552 narn
1344 2483 1383 2551 de

261 2595 328 2661 vita
351 2593 461 2660 Sancti
486 2593 518 2658 in
543 2593 672 2659 saeculo
697 2614 728 2661 et
752 2594 791 2660 de
816 2594 1026 2660 conversione
1050 2595 1118 2661 eius
1142 2594 1278 2659 omnino
1301 2592 1382 2658 silet.

262 2700 398 2787 Ignotus
434 2718 545 2766 auctor
579 2699 750 2786 Legendae
785 2699 889 2767 Sociis
924 2697 1098 2787 adscriptae
1130 2697 1246 2765 habere
1279 2697 1384 2786 potuit

261 2804 419 2893 quaedam
450 2805 565 2893 scripta
588 2805 728 2886 illorum,
751 2806 867 2893 quibus
890 2806 955 2872 iam
987 2829 1062 2871 usus
1090 2822 1157 2871 erat
1179 2804 1329 2871 Thomas
1354 2821 1385 2869 et

263 2908 314 2977 illa
334 2912 537 3001 coniungens
561 2935 636 2979 cum
659 2911 782 2979 duabus
812 2912 955 2998 legendis
984 2912 1113 3000 praelati
1143 2911 1295 2978 Thomae
1323 2912 1385 2977 hoc

261 3018 513 3106 pulcherrimum
541 3019 733 3107 opusculum
758 3017 956 3107 compilavit.
966 3020 1000 3071 (⁴)

279 3122 284 3133 '
328 3126 419 3192 Haec
442 3148 509 3193 non
533 3124 670 3205 affirmo,
695 3125 751 3193 sed
784 3126 925 3192 coniicio
949 3145 980 3193 et
1004 3126 1235 3213 sapientiorum
1265 3125 1385 3192 iudicio

332 3356 373 3423 (ι)
394 3357 433 3408 lta
452 3357 523 3410 dicta
543 3356 593 3410 suit
612 3358 674 3427 quia
694 3359 771 3411 initio
791 3356 905 3412 relertur
924 3357 1040 3429 epistola
1059 3358 1140 3410 trium
1161 3357 1316 3419 Sociorum,
1332 3356 1384 3410 sci·

260 3442 323 3497 licet
342 3443 454 3497 fratrum
474 3444 582 3512 Leonis,
601 3444 701 3497 Ruffini
721 3458 747 3498 et
766 3446 876 3517 Angeli.

332 3532 374 3601 (2)
395 3532 451 3596 Sic,
470 3551 495 3585 v.
515 3552 549 3603 g,
570 3550 630 3604 cap.
651 3533 761 3598 LXXV,
779 3534 819 3588 De
838 3537 995 3588 conversione
1013 3535 1103 3601 {ratris
1119 3533 1246 3604 „Silvestri

334 3623 375 3690 (3)
388 3622 511 3675 Analecta
524 3622 702 3685 Bollandiaua,
716 3635 733 3675 t.
746 3622 820 3686 XIX,
832 3641 876 3693 pp.
894 3637 1025 3692 119·197:
1041 3624 1079 3676 La
1094 3623 1202 3692 Legenda
1214 3622 1243 3676 dc
1260 3624 1285 3676 5.
1298 3623 1383 3676 fran-

261 3711 309 3774 cois
323 3709 430 3764 d'Assise
443 3711 492 3765 dila
505 3713 639 3781 «Legenda
659 3715 737 3766 triam
757 3712 888 3766 Sosiorum
901 3731 932 3768 v:
958 3713 1029 3782 «J'ai
1047 3713 1137 3766 abouti
1154 3715 1169 3765 a
1189 3726 1259 3766 cette
1275 3712 1383 3765 conclu·

260 3802 321 3853 sion
341 3817 393 3870 que
413 3801 437 3853 la
457 3800 571 3872 legende
590 3801 790 3855 traditionnelle
810 3802 857 3855 des
882 3805 948 3855 trois
972 3819 1159 3873 compagnons
1178 3817 1217 3855 est
1238 3819 1273 3854 un
1294 3801 1383 3854 habile

261 3888 389 3959 pastiche,
409 3889 502 3944 darant
521 3909 554 3943 au
574 3889 634 3961 plus
649 3894 690 3943 rdt
708 3892 742 3943 de
760 3892 785 3944 la
807 3891 842 3943 fin
867 3892 901 3943 du
924 3900 986 3945 xtu⁰
1005 3891 1087 3943 siecle
1098 3913 1122 3945 n.
1142 3922 1175 3932 -
1197 3891 1240 3945 cf.
1260 3893 1384 3945 disserta-

260 3978 364 4029 tionem
384 3978 502 4044 citatam,
521 3980 559 4032 La
579 3979 688 4049 Legenda
703 3979 732 4033 de
745 3980 770 4033 5.
787 3981 817 4033 F.
833 3979 881 4031 dita
899 3979 963 4032 «aa
978 3983 1038 4032 trois
1054 3990 1256 4049 compagnons».

332 4065 374 4129 (4)
395 4066 514 4120 Codices
532 4084 638 4139 semper
651 4069 799 4137 Incipiunt:
819 4087 833 4115 a
845 4068 917 4120 Haec
931 4081 993 4119 sunt
1006 4070 1140 4138 quaedam
1154 4068 1253 4137 scripta
1269 4085 1315 4136 per
1331 4081 1384 4121 tres

260 4152 349 4207 socios
369 4154 437 4206 beati
458 4155 600 4221 francisci,
619 4158 652 4210 de
672 4158 726 4209 vita
745 4169 772 4209 et
792 4157 999 4210 conversatione
1015 4157 1072 4209 eius
1092 4157 1118 4208 in
1139 4156 1229 4209 habitu
1244 4157 1383 4219 saeculari,

260 4244 293 4295 de
308 4243 421 4295 mirabili
436 4255 463 4295 et
478 4245 595 4315 perfecta
610 4247 785 4299 conversione
803 4248 869 4312 eius,
883 4259 908 4298 et
922 4246 955 4298 de
973 4245 1137 4316 perfectione
1154 4246 1265 4315 originis
1282 4260 1308 4299 et
1323 4245 1383 4298 sun·

259 4333 379 4385 dementi
400 4334 500 4386 ordinis
516 4336 544 4387 in
558 4336 617 4406 ipro
631 4349 657 4387 et
669 4336 696 4388 in
711 4337 804 4406 primis
818 4335 943 4388 fratribus
953 4357 977 4389 n.
1016 4335 1070 4388 Sed
1086 4338 1145 4406 quIs
1159 4353 1214 4389 non
1229 4336 1299 4388 vilet
1314 4336 1382 4389 haec

260 4420 342 4473 verba
361 4419 514 4473 nullatenus
534 4423 664 4492 pertinere
686 4426 717 4476 ad
737 4424 919 4494 opusculum?
