3142 4875
606 322 711 371 ΒΕΑΤΙ
739 323 760 370 F
762 322 926 372 RANCISCI

208 555 376 627 turbatus
404 553 523 651 inquit
550 556 599 627 ad
628 555 823 627 feminam:
855 555 991 627 Nonne
1020 553 1084 627 tibi
1114 555 1208 627 dixi:
1240 555 1327 652 quia

209 685 282 733 non
310 662 494 760 gaudebis
523 661 572 735 de
601 661 684 746 filio,
726 662 794 733 nisi
829 687 952 734 meum
991 662 1059 734 sibi
1099 687 1234 734 nomen
1264 662 1328 735 im·

208 768 348 864 ponas?
403 768 457 840 At
484 767 546 840 illa
574 770 735 841 clamare
755 768 880 864 coepit
898 784 936 841 et
955 768 1076 842 iurare
1097 770 1236 842 nullum
1257 770 1326 843 sibi

207 874 306 947 aliud
335 874 591 972 imposituram
634 900 782 948 nomen.
839 874 1013 948 Tandem
1043 894 1081 948 et
1108 891 1260 950 sanatus
1290 893 1327 950 et

161 1007 177 1072 5
207 980 414 1079 baptizatus
433 1008 537 1078 puer,
560 981 747 1055 Francisci
777 983 845 1055 luit
865 983 1016 1056 nomine
1036 983 1244 1068 decoratus,
1268 984 1325 1057 cui

206 1089 294 1161 data
322 1105 380 1162 est
408 1090 529 1185 gratia
558 1115 604 1162 ne
633 1089 807 1186 ploraret,
830 1090 897 1162 sed
926 1090 1144 1163 innocenter
1172 1092 1327 1187 puerilia

207 1197 286 1268 iura
314 1196 497 1268 transiret.

293 1307 375 1374 106.
421 1301 556 1375 Mulier
593 1304 777 1398 quaedam
821 1303 857 1375 in
899 1302 1046 1387 Tuscia,
1079 1293 1136 1378 de'
1160 1305 1327 1401 partibus

205 1408 381 1494 Aretinis,
406 1435 488 1481 cum
510 1434 577 1505 per
596 1417 740 1506 septem
768 1410 849 1482 dies
873 1426 1001 1506 partus
1030 1411 1242 1486 discrimina
1270 1438 1327 1485 su·

143 1541 178 1587 ιο
206 1514 371 1600 stineret,
403 1532 440 1588 et
468 1515 541 1588 iam
571 1516 607 1588 in
638 1517 871 1614 nigredinem
901 1544 1010 1591 versa
1034 1519 1139 1605 foret,
1169 1519 1217 1591 ab
1249 1544 1325 1592 om·

207 1622 315 1695 nibus
356 1623 564 1719 desperata,
597 1641 724 1696 votum
755 1624 841 1696 lecit
877 1640 1008 1697 sancto
1049 1625 1249 1698 Francisco
1289 1643 1327 1699 et

208 1730 287 1802 eius
306 1729 430 1826 coepit
445 1730 608 1802 moriens
619 1730 797 1804 auxilium
814 1730 998 1803 invocare.
1057 1732 1157 1805 Voto
1177 1735 1324 1819 emisso

207 1835 377 1909 celeriter
404 1835 640 1910 obdormivit.
697 1837 959 1935 Apparuitque
981 1837 1013 1911 ei
1043 1854 1193 1912 sanctus
1213 1839 1325 1912 Fran·

207 1944 327 2016 ciscus
357 1962 395 2016 et
422 1969 505 2016 eam
535 1968 603 2015 suo
624 1945 775 2018 nomine
794 1944 1012 2018 Adelasiam
1033 1971 1182 2029 vocans,
1203 1964 1326 2019 utrum

142 2077 174 2141 ¹5
207 2076 312 2123 suam
342 2066 547 2148 cognoscat
575 2051 718 2138 faciem,
741 2051 949 2125 sciscitatur
976 2053 1024 2125 ab
1053 2077 1110 2131 ea.
1167 2053 1253 2147 Qua
1273 2079 1326 2126 re·

207 2158 434 2253 spondente:
467 2158 567 2230 Vere
595 2184 670 2256 ego
699 2174 746 2242 te,
778 2174 894 2255 pater,
924 2184 1112 2256 agnosco;
1134 2161 1327 2233 subintulit
1436 2234 1439 2242 ,

207 2282 376 2338 sanctus:
413 2263 494 2337 Scis
527 2265 670 2338 dicere:
708 2266 820 2338 Salve
857 2267 989 2362 regino
1026 2267 1325 2340 meserecordiae?

207 2371 494 2469 Respondente:
521 2371 618 2456 Scin,
639 2388 762 2469 pater;
796 2371 932 2470 lncipe,
954 2372 1005 2446 ait
1029 2391 1189 2458 sanctus
1208 2391 1325 2447 etan·

207 2495 357 2575 tequam
387 2479 585 2576 compleas,
618 2481 741 2577 paries
770 2506 854 2553 cum
874 2480 1004 2554 salute.
1063 2481 1168 2554 Haec
1196 2481 1325 2555 dicens

134 2609 178 2656 20
206 2601 357 2658 sanctus
386 2611 477 2658 voce
516 2612 655 2684 magna
692 2586 875 2671 clamavit,
919 2588 1114 2661 clamando
1142 2588 1323 2662 discessit.

205 2692 397 2789 adquam
417 2718 547 2766 vocem
569 2682 722 2792 evigilat
742 2694 873 2767 mulier
892 2712 930 2767 et
950 2721 1031 2768 cum
1049 2695 1182 2769 timore
1202 2698 1326 2794 coepit

206 2799 349 2872 dicere;
374 2799 485 2871 Salve
500 2802 642 2897 regino.
672 2801 845 2899 Cumque
866 2801 947 2876 illos
967 2801 1226 2875 misericordes
1241 2830 1324 2877 ocu·

205 2906 261 2978 los
289 2922 514 3003 precaretur,
546 2908 680 2993 statim,
713 2910 873 2981 necdum
903 2908 1098 3005 completa,
1130 2910 1323 3008 pulchrum

206 3012 385 3085 infantem
414 3014 560 3110 peperit
588 3041 671 3088 cum
700 3016 842 3113 gaudio
871 3032 907 3087 et
935 3015 1063 3088 salute.

132 3144 175 3209 25
292 3141 374 3210 107.
407 3121 446 3193 ln
475 3119 599 3195 Sicilia
627 3120 759 3195 mulier
778 3124 963 3218 quaedam
984 3148 1067 3195 cum
1092 3125 1191 3197 beati
1213 3126 1325 3197 Fran·

206 3225 292 3299 cisci
320 3227 419 3299 diem
449 3227 653 3301 solemnem
689 3229 822 3301 adesse
865 3247 1120 3327 cognosceret,
1152 3258 1174 3304 a
1203 3232 1323 3303 servili

205 3358 322 3430 opere
347 3334 535 3407 abstinere
564 3361 637 3408 non
659 3361 803 3419 curans,
831 3362 956 3410 coram
977 3363 1016 3409 se
1036 3362 1102 3409 vas
1130 3339 1323 3435 pistorium

205 3441 453 3537 praeparavit.
511 3442 550 3513 ln
581 3466 656 3538 quo
685 3468 769 3515 cum
798 3443 953 3516 farinam
983 3462 1141 3539 poneret
1173 3462 1212 3516 et
1239 3469 1321 3516 eam

205 3547 363 3620 exsertis
390 3547 551 3621 brachiis
571 3567 818 3633 coacervaret,
842 3576 930 3622 mox
948 3541 1095 3655 [farina]
1123 3575 1324 3646 conspersa

134 3676 176 3742 30
205 3679 335 3726 cruore
365 3656 581 3752 comparuit.
640 3655 775 3728 Mulier
795 3657 865 3730 hoc
886 3657 1034 3752 stupida
1049 3682 1216 3741 cernens,
1239 3683 1324 3729 con-

204 3760 344 3833 vicinas
372 3761 533 3834 clamare
563 3762 699 3858 coepit.
756 3763 865 3857 Quae
903 3778 1043 3860 quanto
1082 3763 1202 3861 magis
1239 3763 1323 3837 illuc

204 3868 251 3940 ad
280 3868 534 3965 spectaculum
572 3868 772 3954 confluunt,
804 3896 851 3943 eo
879 3869 914 3942 in
946 3895 1068 3943 massa
1096 3870 1177 3966 ipsa
1205 3896 1324 3944 venae

204 3974 398 4072 sanguinis
434 3975 517 4071 plus
553 3993 781 4049 accrescunt.
841 3976 1012 4049 Poenitet
1055 3977 1244 4052 mulierem
1276 3980 1325 4051 f-

204 4082 299 4155 cisse
328 4082 430 4179 quod
459 4082 608 4169 fecerat,
638 4100 676 4157 et
703 4101 833 4156 votum
863 4100 975 4157 vovet
995 4101 1035 4158 ut
1064 4084 1099 4157 in
1130 4086 1225 4159 sesto
1245 4086 1325 4160 eius

275 4351 317 4407 26.
337 4354 367 4407 ll
385 4353 478 4407 adesse
497 4353 664 4423 conspiceret
683 4353 727 4406 vel
747 4368 925 4424 cognosceret
963 4357 1011 4410 ΡΑ
1028 4374 1076 4410 om.
1096 4354 1265 4425 conspiceret
1279 4356 1321 4407 vel

202 4446 245 4504 29.
265 4433 390 4502 exsertis]
410 4433 457 4487 ΡΑ
477 4432 595 4486 extensis
646 4434 677 4486 M
694 4450 743 4487 om.
763 4431 851 4487 farina
