3142 4875
264 357 338 426 204
499 337 502 342 ’
641 359 813 409 tsousoa
841 362 1008 411 saeuum

1117 471 1384 480 ———

257 589 492 690 providentia
521 591 644 663 nutrit.
693 590 865 688 Largiori
894 615 1024 664 mensa
1053 617 1197 689 pauper
1220 592 1385 689 pascitur

255 724 371 796 quam
399 715 590 793 tyrannus,
617 713 759 793 quanto
786 698 893 770 Deus
921 698 1073 771 homine
1101 697 1287 793 profusior
1315 699 1383 773 lar-

256 821 386 904 gnate.

367 1011 540 1101 [Quomodo
555 1012 688 1100 fratrem
711 1012 860 1080 Ritcrium
883 1035 902 1078 a
926 1015 1082 1079 tentatione
1107 1013 1255 1080 liberavit.

326 1181 434 1246 Frater
466 1177 598 1265 quidam
633 1178 794 1247 Riccerius
828 1178 974 1258 nomine,
1006 1196 1071 1243 tam
1104 1179 1247 1246 moribus
1271 1202 1380 1274 ,quam
1411 1205 1430 1271 ς

258 1292 378 1358 genere
403 1266 528 1346 nobilis,
548 1269 581 1333 in
605 1287 731 1334 tantum
755 1266 900 1333 debenti
927 1267 1085 1334 Francisci
1110 1270 1229 1334 meritis
1253 1291 1382 1356 praesu·

259 1356 366 1423 urebat
390 1375 425 1422 ut
448 1356 591 1422 divinam
615 1353 761 1440 profecto
787 1356 900 1421 mereri
928 1356 1062 1443 gratiam
1094 1356 1234 1423 crederet
1261 1357 1286 1422 si
1310 1358 1382 1445 quis

258 1446 355 1534 ipsius
379 1447 479 1513 sancti
503 1444 592 1511 dono
617 1444 862 1511 benevolentiae
894 1446 1059 1531 potiretur,
1084 1464 1136 1512 aut
1162 1447 1188 1511 si
1223 1446 1294 1533 quis
1329 1446 1382 1511 illa

257 1553 377 1602 careret
403 1536 462 1600 Dei
487 1533 684 1601 iracundiam
704 1552 887 1600 mereretur.
936 1533 1086 1622 Cumque
1107 1533 1145 1601 ad
1166 1533 1381 1602 obtinendum

259 1623 480 1690 familiaritatis
509 1622 589 1689 illius
623 1621 815 1689 beneficium
842 1621 1066 1689 vehementius
1091 1626 1250 1710 aspiraret,
1274 1625 1382 1690 timuit
1414 1647 1454 1696 ιο

259 1712 351 1777 valde
368 1711 500 1798 nequid
517 1711 643 1778 occulte
658 1713 690 1777 in
709 1711 778 1799 ipso
796 1712 864 1777 vitii
885 1708 951 1780 lore
968 1730 1096 1778 sanctus
1115 1712 1380 1799 deprehenderet,

257 1802 347 1868 cuius
371 1802 542 1867 occasione
560 1822 594 1867 se
611 1800 649 1866 ab
668 1801 736 1866 eius
756 1801 857 1887 gratia
878 1801 982 1887 magis
1002 1801 1146 1887 elongari
1166 1804 1379 1889 contingeret.

258 1891 360 1978 igitur
376 1891 492 1955 timore
512 1888 697 1956 huiusmodi
718 1890 781 1955 iam
801 1889 923 1956 dictum
943 1888 1070 1955 fratrem
1092 1889 1235 1976 quotidie
1254 1913 1289 1955 ac
1309 1912 1380 1977 gra-

258 1980 338 2044 vitet
360 1977 532 2065 affligente,
558 2000 618 2044 nec
641 1978 696 2044 illo
721 1979 953 2064 cogitationem
977 2001 1067 2045 suam
1090 1979 1183 2045 alicui
1207 1979 1380 2059 revelante,

256 2068 393 2155 contigit
416 2068 522 2154 ipsum
546 2067 598 2133 die
621 2067 760 2154 quadam
779 2067 876 2133 solito
901 2089 992 2133 more
1016 2066 1177 2134 turbatum
1202 2066 1240 2132 ad
1266 2066 1380 2134 cellam
1413 2093 1426 2139 r
1432 2093 1450 2159 5

258 2157 289 2223 in
314 2179 377 2244 qua
397 2155 506 2223 beatus
532 2157 717 2221 franciscus
736 2155 846 2222 orabat
870 2154 1031 2223 accedere.
1076 2157 1177 2224 Cuius
1202 2154 1379 2223 adveutum

258 2245 354 2312 simul
371 2265 402 2312 et
422 2247 569 2312 animum
586 2247 633 2310 vir
650 2245 711 2311 Dei
728 2267 942 2332 cognoscens,
959 2246 988 2309 ei
1002 2244 1139 2331 benigne
1156 2244 1195 2310 ad
1213 2269 1247 2311 se
1263 2264 1380 2310 vocato

257 2336 301 2399 sic
327 2334 384 2400 ait:
410 2333 526 2400 Nullus
550 2352 581 2399 te
606 2334 702 2399 timor
725 2331 764 2398 de
790 2353 926 2410 caetero,
952 2334 1104 2412 nullate,
1130 2332 1185 2411 lili,
1210 2331 1379 2400 conturbet

257 2426 391 2490 tentatio
410 2423 564 2510 quoniam
586 2423 765 2489 carissimus
787 2421 865 2488 milti
886 2445 929 2504 ea,
947 2442 978 2489 et
998 2425 1080 2490 inter
1099 2423 1268 2511 praecipue
1288 2445 1378 2489 caros

257 2513 386 2598 speciali
406 2513 555 2577 charitate
572 2532 603 2577 te
620 2511 730 2598 diligo.
759 2512 898 2578 Securus
916 2511 954 2578 ad
972 2536 1034 2593 me,
1051 2536 1124 2578 cum
1142 2514 1198 2579 tibi
1216 2513 1378 2599 placuerit,
1409 2534 1451 2582 20

258 2601 379 2677 venias,
395 2618 425 2666 et
450 2623 466 2665 a
487 2623 539 2665 me
555 2600 653 2667 libere
673 2623 730 2688 pro
751 2621 804 2668 tua
825 2601 991 2668 voluntate
1011 2600 1148 2667 recedas.
1199 2601 1378 2688 Obstupuit

257 2711 324 2756 non
350 2689 515 2755 modicum
540 2708 572 2756 et
595 2689 727 2757 laetatus
751 2708 799 2755 est
816 2689 866 2755 ille
892 2687 986 2757 frater
1002 2691 1034 2755 in
1055 2690 1259 2756 sermonibus
1276 2692 1378 2756 sancti

257 2779 362 2865 patris,
387 2797 419 2844 et
442 2776 591 2865 deinceps
615 2776 655 2844 de
678 2779 776 2864 ipsius
802 2778 972 2845 dilectione
998 2800 1139 2860 securus,
1157 2780 1256 2845 crevit
1279 2779 1377 2845 etiam

255 2868 337 2934 sicut
361 2866 535 2934 crediderat
558 2870 590 2934 iu
615 2867 715 2955 gratia
739 2867 935 2954 Salinatoris]

684 3074 951 3085 ———

259 3247 332 3346 [De
357 3248 496 3321 duobus
510 3250 710 3344 fratribus
735 3275 823 3344 quos
850 3251 977 3321 extens
995 3251 1038 3322 de
1061 3251 1151 3322 cella
1177 3251 1375 3331 benedixit,
1407 3287 1447 3353 25

290 3389 447 3459 quorum
461 3365 687 3436 deszdcrz‘um
695 3374 769 3459 per
781 3365 973 3460 Spiritum
987 3365 1182 3464 cognovit}
1241 3364 1357 3469 XVI„

336 3598 398 3669 45.
429 3578 516 3649 Mos
543 3593 625 3650 erat
660 3594 791 3649 sancto
820 3577 1021 3650 Francisco
1059 3577 1248 3675 integrum
1277 3576 1377 3650 diem

254 3683 418 3757 solitaria
434 3684 468 3756 in
490 3683 582 3756 cella
602 3683 820 3782 transigere,
844 3709 913 3756 nec
928 3684 976 3757 ad
992 3685 1124 3757 iratres
1139 3682 1284 3769 reverti,
1307 3681 1376 3756 nisi

254 3791 425 3864 sumendi
441 3790 512 3863 cibi
533 3790 736 3863 necessitas
755 3807 986 3888 perurgeret.
1049 3790 1163 3889 [Non]
1186 3807 1312 3863 tamen
1332 3789 1377 3861 si·

252 3898 378 3996 gnatis
398 3896 498 3969 horis
518 3913 741 3971 coenaturus
761 3897 898 3979 exibat,
920 3897 1096 3994 quoniam
1118 3897 1269 3969 edacior
1288 3920 1378 3969 con·
1407 3927 1448 3991 30

251 4002 504 4099 templationis
524 4004 642 4077 sames
662 4019 780 4076 totum
802 4004 870 4076 sibi
891 4003 1122 4101 frequentius
1148 4004 1373 4076 vindicabat.

252 4109 423 4208 Contigit
438 4127 564 4182 autem
580 4110 808 4207 quandoque
827 4109 875 4182 ad
891 4108 1013 4182 locum
1035 4111 1083 4181 de
1099 4110 1262 4183 Graecio
1281 4110 1377 4182 duos

326 4333 408 4384 4-24.
424 4320 448 4371 A
463 4336 512 4371 om.
528 4319 630 4389 Cium
639 4330 665 4389 ρ.
678 4338 715 4388 51,
723 4336 764 4389 52,
775 4338 801 4372 u.
814 4336 859 4389 49,
867 4336 906 4388 50.
1001 4318 1041 4373 18.
1056 4320 1084 4371 ll
1096 4318 1205 4372 Nullius
1293 4332 1335 4386 27.
1350 4317 1380 4371 M

255 4394 319 4448 Mox
392 4413 433 4467 29.
450 4397 652 4467 Non]Allinc
729 4413 768 4467 30.
785 4399 885 4467 exibat]
902 4399 930 4451 Μ
945 4416 974 4452 se
990 4398 1096 4451 exhibet
1171 4396 1377 4468 32.lllGregio
