3142 4875
214 341 289 435 398
519 364 726 415 Tancvnvus
755 366 803 414 Du
831 365 1025 414 manevus

210 602 320 682 diem,
342 616 381 674 et
409 601 445 673 in
466 625 513 673 eo
537 625 692 697 pascere
708 624 895 697 pauperes
914 600 963 672 ob
983 598 1230 673 reverentiam
1250 626 1332 673 san·

213 709 260 782 cti
291 709 409 781 huius.
470 707 623 801 Quievit
651 708 730 779 sine
769 732 873 779 mora
908 707 1057 780 vexatio
1086 705 1193 791 filiae,
1233 723 1332 803 post·

213 841 324 913 quam
354 829 483 897 mater,
507 840 603 911 quae
623 828 855 911 peccaverat,
878 829 1103 910 compuncta
1129 829 1188 887 est
1214 814 1261 886 de
1280 815 1332 887 ol·

211 924 326 996 lensa.

288 1051 369 1119 104.
382 1029 597 1102 Matthaeus
607 1030 654 1101 de
665 1026 867 1101 Tolentino
879 1027 989 1100 filiam
1001 1027 1163 1101 habebat
1181 1026 1331 1100 nomine
1362 1056 1379 1120 5

212 1137 459 1209 Franciscam.
520 1135 594 1229 Qui
614 1160 683 1231 pro
702 1159 749 1207 eo
778 1135 879 1231 quod
906 1160 947 1207 se
974 1135 1105 1207 fratres
1132 1136 1180 1207 ad
1208 1135 1329 1206 locum

212 1242 323 1316 alium
341 1243 625 1326 transferebant,
649 1267 722 1315 non
740 1242 926 1314 modicum
944 1242 1195 1324 conturbatus,
1218 1241 1330 1314 filiam

211 1376 327 1433 suam,
351 1348 540 1422 Francisci
564 1348 714 1422 nomine
733 1347 941 1445 spoliatam,
961 1348 1158 1421 Matthiam
1175 1347 1331 1420 instituit

210 1457 400 1554 appellari.
459 1455 599 1528 Verum
628 1455 787 1553 spoliata
808 1454 958 1528 nomine
986 1455 1143 1551 spoliata
1163 1455 1230 1527 luit
1248 1480 1330 1551 pro-

212 1564 311 1636 tinus
340 1563 509 1636 sanitate.
568 1563 666 1635 Nam
686 1562 773 1658 quia
793 1587 852 1634 res
873 1562 907 1633 in
929 1563 1045 1658 patris
1073 1577 1329 1658 contemptum
1365 1589 1405 1635 ro

211 1687 248 1743 et
277 1669 434 1742 filiorum
456 1669 581 1742 odium
604 1671 798 1766 agebatur,
821 1667 1005 1741 infirmata
1024 1685 1081 1741 est
1109 1667 1330 1766 gravissime

212 1777 285 1850 filia
313 1793 351 1850 et
378 1777 426 1849 ad
457 1775 585 1849 mortis
613 1778 794 1872 perducta
822 1774 1037 1872 periculum.
1096 1775 1226 1871 ltaque
1245 1801 1328 1847 cum

211 1885 346 1957 acerbo
375 1882 504 1955 dolore
534 1908 645 1979 super
674 1882 769 1955 filiae
794 1884 988 1955 transitum
1010 1897 1256 1978 torqueretur,
1280 1883 1330 1955 in·

213 2007 385 2088 crepatus
413 1991 461 2063 ab
491 2014 606 2062 uxore
635 1991 683 2061 de
703 1990 791 2063 odio
810 2014 1004 2062 servorum
1020 1988 1091 2061 Dei
1113 2005 1150 2062 et
1171 1989 1331 2062 nominis

212 2098 328 2170 sancti
359 2114 586 2193 contemptu,
610 2096 743 2171 festina
767 2095 969 2169 devotione
996 2096 1155 2192 primum
1176 2094 1331 2169 recurrit
1367 2123 1401 2187 ¹5

212 2205 259 2276 ad
289 2229 436 2287 nomen,
468 2221 505 2277 et
534 2202 723 2276 revestivit
743 2202 855 2277 filiam
875 2228 951 2299 quo
971 2203 1092 2298 primo
1119 2228 1203 2276 eam
1224 2203 1330 2276 titulo

212 2310 397 2408 spoliarat.
455 2310 628 2383 Tandem
656 2311 704 2383 ad
733 2309 856 2383 locum
886 2310 1036 2382 fratrum
1062 2334 1145 2382 cum
1166 2310 1331 2405 paternis

211 2417 414 2516 gemitibus
442 2418 566 2491 delata
602 2417 724 2514 puella
760 2417 954 2514 pristinam
984 2417 1125 2515 recepit
1153 2443 1238 2490 curn
1268 2442 1330 2491 no-

214 2525 312 2598 mine
340 2525 548 2598 sanitatem.

299 2654 380 2724 105.
411 2632 548 2705 Mulier
573 2632 756 2728 quaedam
778 2632 826 2704 de
847 2630 949 2713 Pisis,
982 2631 1151 2704 nesciens
1178 2656 1218 2704 se
1247 2656 1333 2704 esse
1362 2658 1405 2704 20

212 2754 493 2837 praegnantem,
526 2764 609 2810 cunr
641 2738 858 2811 fundaretur
878 2739 913 2811 in
938 2763 984 2811 ea
1004 2738 1153 2810 civitate
1172 2736 1331 2811 ecclesia

212 2845 337 2919 Sancti
358 2844 556 2927 Francisci,
588 2861 666 2918 tota
684 2845 745 2918 die
765 2843 954 2919 laboribus
974 2844 1160 2918 insudavit
1179 2844 1327 2917 ibidem.

213 2952 282 3025 Cui
319 2970 470 3025 sanctus
504 2952 735 3034 Franciscus,
775 2978 859 3024 cum
895 2952 1043 3025 duobus
1073 2952 1246 3024 fratribus
1274 2977 1330 3023 ce·

212 3084 297 3132 reos
326 3084 450 3132 coram
487 3084 533 3131 eo
562 3059 807 3155 portantibus,
834 3075 944 3131 nocte
982 3058 1153 3155 apparuit
1181 3058 1327 3130 dicens:

212 3167 321 3249 Ecce,
349 3165 432 3245 filia,
455 3165 658 3262 concepisti
679 3181 717 3237 et
736 3165 859 3261 paries
887 3164 1011 3238 filium.
1069 3165 1263 3239 Gaudebis
1282 3165 1330 3237 de
1361 3191 1399 3254 25

213 3275 304 3369 ipso,
335 3273 365 3345 si
388 3298 511 3345 meum
531 3274 599 3345 sibi
620 3271 768 3345 dederis
789 3298 939 3350 nomen.
996 3272 1108 3344 Venit
1127 3296 1221 3369 ergo
1241 3287 1330 3344 tem-

213 3406 281 3477 pus
301 3379 469 3478 pariendi
490 3398 527 3452 et
556 3378 701 3476 peperit
731 3377 855 3451 filium.
913 3379 1108 3462 Henricus,
1121 3380 1173 3451 ait
1188 3403 1328 3462 socrus,

213 3513 280 3583 pro
291 3486 352 3560 tali
368 3486 650 3584 consanguineo
672 3501 799 3558 nostro
815 3485 1019 3559 vocabitur.
1068 3486 1328 3582 Nequaquam,

211 3594 262 3667 ait
292 3612 420 3676 mater,
452 3594 519 3666 sed
540 3592 732 3666 vocabitur
751 3593 982 3666 Franciscus.
1041 3592 1183 3666 Derisit
1202 3617 1331 3665 socrus

213 3701 335 3774 nobile
366 3726 513 3781 nomen,
545 3700 650 3797 quasi
680 3700 857 3772 rusticum
888 3700 992 3772 foret.
1052 3699 1183 3774 Paucis
1218 3698 1332 3798 igitur
1364 3726 1407 3789 30

212 3807 347 3904 elapsis
367 3807 509 3889 diebus,
532 3833 616 3879 cum
636 3823 736 3880 esset
756 3806 931 3902 puerulus
951 3807 1206 3903 baptizandus,
1230 3805 1332 3879 elan-

211 3913 292 4012 guit
321 3940 440 4010 usque
468 3916 515 3987 ad
554 3931 722 3986 mortem.
789 3914 1020 3987 Contristata
1047 3929 1104 3987 est
1132 3914 1266 3986 domus
1294 3929 1332 3986 et

212 4047 358 4094 versum
380 4038 437 4093 est
464 4020 519 4094 eis
538 4021 717 4118 gaudium
747 4021 782 4092 in
814 4046 1032 4094 moerorem.
1092 4021 1214 4093 Nocte
1241 4046 1333 4093 vero

212 4144 329 4201 matre
358 4153 447 4224 prae
476 4127 650 4225 angustia
686 4127 876 4225 vigilante,
908 4128 1010 4200 venit
1038 4143 1189 4200 sanctus
1218 4127 1332 4200 Fran-

211 4234 331 4306 ciscus
360 4259 443 4307 cum
486 4235 632 4307 duobus
661 4235 835 4308 iratribus
863 4233 959 4308 sicut
986 4234 1116 4331 primo,
1158 4251 1197 4308 et
1226 4233 1332 4331 quasi
1364 4260 1407 4326 35

284 4488 326 4541 27.
345 4476 401 4527 AB
419 4491 529 4529 soceros
603 4492 644 4547 29,
664 4477 721 4530 AB
739 4494 850 4532 soceros
