3142 4875
594 372 699 421 BEATI
728 371 913 419 FRANCISCI
1237 370 1307 439 321

196 605 308 679 lentia
323 607 554 678 invenerunt.
601 604 862 702 Obstupefacti
878 622 964 677 sunt
983 604 1082 690 satis
1100 630 1198 701 quae
1213 632 1315 677 num-

197 738 308 808 quam
350 712 519 786 viderant
560 712 757 785 intuentes.
833 712 1045 809 Regressus
1082 712 1194 808 paulo
1231 727 1316 807 post

197 836 346 891 sanctus
381 821 464 902 Dei,
503 819 703 917 diligenter
736 818 899 915 exquirit
935 819 965 892 si
1003 835 1104 892 esset
1138 820 1239 914 quod
1268 820 1315 891 de

196 925 359 1022 reliquiis
378 927 620 1000 mandaverat
639 925 893 1024 adimpletum.
952 925 1093 998 Verum
1120 924 1315 1023 neglectae

127 1063 146 1126 5
196 1033 433 1106 obedientiae
450 1035 597 1131 culpam
617 1033 747 1106 fratres
768 1031 954 1105 humiliter
976 1032 1207 1118 confitentes
1231 1058 1316 1105 cum

197 1164 319 1237 poena
346 1139 493 1213 veniam
523 1157 749 1214 meruerunt.
807 1140 857 1211 Et
885 1140 937 1212 ait
964 1155 1133 1213 sanctus:
1160 1139 1316 1211 Benedi-

197 1263 278 1318 ctus
307 1247 492 1319 Dominus
520 1248 626 1320 Deus
656 1273 770 1330 meus
802 1246 865 1343 qui
894 1272 961 1344 per
989 1246 1232 1343 semetipsum
1253 1247 1317 1318 im·

196 1352 311 1450 plevit
325 1354 427 1450 quod
442 1380 509 1426 vos
523 1355 645 1428 lacere
661 1353 851 1426 debuistis,
898 1352 1106 1426 Considera
1118 1352 1318 1450 diligenter

197 1459 385 1533 Francisci
405 1462 655 1545 devotionem,
672 1462 826 1534 attende
840 1459 1115 1558 beneplacitum
1131 1460 1204 1533 Dei
1221 1458 1317 1533 circa

129 1593 169 1640 10
198 1567 388 1663 pulverem
419 1585 596 1651 nostrum,
628 1585 666 1642 et
684 1568 922 1641 obedientiae
946 1583 1098 1640 sanctae
1117 1567 1318 1664 magnifica

198 1675 358 1747 laudem.
417 1677 514 1748 Nam
536 1676 639 1748 cuius
659 1675 740 1748 voci
762 1700 837 1747 non
857 1674 979 1772 paruit
999 1674 1122 1757 homo,
1145 1672 1318 1770 precibus

198 1781 364 1854 obedivit
392 1782 509 1856 Deus,

627 1917 893 1925 ———-——-

336 2144 409 2259 [De
437 2154 620 2225 devotione
647 2153 700 2224 ad
728 2177 868 2224 crucem
896 2153 999 2223 etde
1025 2152 1186 2247 quodam

454 2259 585 2331 occulto
612 2249 866 2364 sacramento}
932 2258 1062 2330 CLIV.

133 2503 171 2568 15
286 2496 371 2566 ²03·
402 2472 577 2569 Denique
607 2473 798 2569 quomodo
826 2471 895 2545 sibi
915 2475 1045 2546 aberat
1065 2472 1134 2545 nisi
1154 2474 1189 2545 in
1211 2499 1321 2546 cruce

201 2580 354 2654 Domini
383 2579 545 2678 gloriari,
576 2581 658 2677 quis
686 2605 869 2677 promere,
902 2580 985 2676 quis
1004 2605 1139 2677 capere
1167 2580 1320 2678 posset?

201 2687 278 2760 Soli
307 2687 435 2760 datum
465 2704 522 2759 est
559 2712 679 2771 nosse,
719 2687 777 2759 cui
807 2686 874 2759 soli
904 2687 1032 2759 datum
1062 2704 1119 2760 est
1147 2688 1318 2785 experiri.

201 2794 385 2867 Nimirum
422 2794 491 2866 etsi
529 2820 639 2867 sensu
675 2794 837 2890 quodam
875 2792 935 2867 illa
969 2793 1248 2892 perciperemus
1273 2795 1320 2867 in

204 2900 320 2986 nobis,
366 2927 602 2998 nequaquam
644 2901 756 2974 tantis
804 2900 1032 2974 mirabilibus
1069 2902 1322 2999 exprimendis

130 3035 174 3083 20
202 3011 317 3081 verba
345 3024 599 3104 suppeterent,
625 3012 736 3081 rebus
764 3008 991 3104 quotidianis
1020 3025 1058 3081 et
1085 3007 1218 3081 vilibus
1246 3035 1321 3082 sor·

203 3116 339 3188 didata.
404 3115 454 3187 Et
484 3116 650 3187 fortassis
679 3114 764 3187 ideo
803 3116 839 3186 in
869 3140 980 3187 carne
1016 3115 1145 3188 debuit
1173 3116 1319 3212 aperiri,

203 3223 289 3319 quia
319 3247 392 3295 non
422 3221 605 3319 potuisset
628 3223 863 3295 sermonibus
882 3222 1070 3318 explicari.
1129 3224 1322 3319 Loquatur

203 3355 296 3426 ergo
325 3329 521 3414 silentium,
554 3329 616 3401 ubi
636 3328 762 3401 deficit
780 3329 947 3412 verbum,
970 3328 1057 3426 quia
1076 3346 1115 3402 et
1133 3329 1321 3427 signatum

203 3435 347 3518 clamat,
381 3434 442 3509 ubi
462 3436 588 3509 deficit
607 3437 768 3533 signum.
827 3436 911 3508 Hoc
931 3438 1051 3510 solum
1071 3437 1242 3509 humanis
1261 3462 1322 3509 au-

133 3568 172 3634 25
203 3543 303 3616 ribus
332 3542 530 3625 intimetur,
563 3544 664 3639 quod
687 3543 852 3615 nondum
893 3545 976 3640 [per
1008 3543 1149 3639 omnia]
1181 3542 1320 3629 claruit,

204 3675 319 3746 quare
339 3667 613 3723 sacramentum
630 3649 718 3722 illud
734 3650 770 3721 in
786 3667 918 3723 sancto
933 3651 1123 3746 apparuit;
1141 3652 1203 3723 ubi
1223 3651 1322 3723 enim

278 3921 300 3960 1.
320 3905 395 3975 satis]
417 3907 444 3958 ll
463 3904 557 3958 fratres
623 3907 647 3958 8.
668 3907 697 3957 ll
716 3921 826 3957 mimos
890 3922 914 3974 9.
930 3904 1068 3956 illactente
1136 3905 1324 3960 18.R0m.illa

205 4001 234 4052 25
258 3989 281 4040 A
301 4003 349 4038 om.
369 4002 415 4055 per
433 3986 527 4038 omnia
601 4000 666 4053 ²2·3
692 3985 807 4056 (pm).
828 3985 858 4037 ll
878 4002 927 4037 om.
948 3983 1211 4053 Loquetur-erunt.
1253 3987 1323 4041 Huic

203 4074 285 4119 aulem
305 4067 460 4119 habebuntur
485 4068 509 4117 in
529 4066 609 4119 codice
629 4067 697 4117 cuius
716 4065 888 4135 fragmentum
908 4063 1000 4133 Pupptt
1022 4073 1145 4129 serualur,
1164 4065 1204 4118 sed
1223 4070 1323 4120 retestio

198 4148 259 4217 solii
277 4165 371 4200 sensum
387 4157 480 4217 purum
497 4146 675 4216 intelligibilem
699 4143 787 4209 reddit,
807 4151 958 4215 quopropter
976 4145 1055 4196 uerba
1074 4162 1136 4216 quae
1155 4145 1267 4216 leguntur
1287 4149 1325 4202 liic

203 4228 334 4298 referimus
350 4234 426 4297 prout
444 4227 623 4280 inveniuntur:

203 4342 268 4395 illud
288 4342 315 4395 in
335 4354 429 4395 sancto
448 4342 577 4411 apparuit.
628 4340 655 4392 S’
667 4339 725 4409 ali[
737 4378 889 4393 .........

203 4423 236 4476 de
256 4434 336 4494 prout
354 4437 395 4477 est
415 4422 545 4474 creditum
565 4419 706 4473 defuturo
726 4422 807 4473 etiam
828 4419 889 4487 [...

283 4560 312 4602 21
