3142 4875
263 329 312 415 48
662 350 833 400 tantuna
862 351 972 398 Pictam

265 461 270 466 .
300 461 398 466 ...-.---
478 460 622 466 ..η---ω--α-
656 460 758 466 -.......
780 461 848 466 »κ-
1044 458 1382 466 -..⁷-...—.-.-.-——-—

262 585 395 657 rabant
423 582 732 680 Omnipotentem
762 584 949 655 dicentes:
971 582 1186 655 Adoramus
1206 599 1252 666 te,
1277 582 1383 654 Chri-

261 708 329 774 ste,
360 690 475 762 etad
503 714 635 762 omnes
663 688 841 761 ecclesias
869 706 961 770 tuas,
985 690 1079 762 sicut
1107 714 1173 761 eos
1201 690 1383 762 docuerat

262 814 413 870 sanctus
448 814 564 894 pater.
623 796 681 878 Et,
714 797 814 893 quod
852 821 924 868 non
964 797 1084 868 minus
1114 812 1170 868 est
1198 795 1382 868 admiran-

262 905 362 988 dum,
394 903 619 998 ubicumque
655 928 813 984 crucem,
847 903 905 974 vel
939 903 1058 975 crucis
1086 903 1235 1000 signum
1265 904 1381 974 intue-

262 1011 408 1090 bantur,
428 1011 517 1082 sive
546 1009 583 1082 in
613 1027 721 1087 terra,
753 1009 832 1081 sive
862 1010 897 1081 in
927 1009 1079 1106 pariete,
1103 1008 1181 1082 sive
1209 1008 1246 1081 in
1276 1011 1382 1081 arbo·
1412 1037 1429 1101 5

262 1116 374 1198 ribus
406 1117 483 1189 sive
513 1115 550 1188 in
588 1117 739 1212 sepibus
767 1115 920 1198 viarum,
953 1117 1138 1189 faciebant
1166 1116 1238 1189 hoc
1267 1115 1378 1188 idem.

344 1229 406 1315 46.
439 1225 578 1295 Sancto
595 1224 828 1318 simplicitas.
886 1222 947 1294 Sic
966 1224 1066 1295 enim
1086 1248 1152 1295 eos
1172 1223 1382 1319 repleverat

263 1347 393 1404 sancta
421 1329 647 1426 simplicitas,
669 1330 721 1401 sic
749 1354 815 1402 eos
843 1329 1056 1403 innocentia
1081 1331 1179 1402 vitae
1209 1330 1380 1410 docebat,

263 1436 314 1509 sic
356 1460 422 1509 eos
460 1436 583 1509 cordis
620 1437 761 1533 puritas
798 1436 1025 1533 possidebat,
1057 1455 1097 1509 ut
1125 1436 1380 1533 duplicitatem

262 1542 375 1616 animi
404 1542 553 1641 penitus
582 1544 818 1642 ignorarent;
849 1544 937 1640 quia
964 1543 1059 1616 sicut
1088 1569 1161 1616 una
1197 1543 1383 1624 fides,‘ita

264 1676 359 1722 unus
388 1651 538 1747 spiritus
566 1667 645 1724 erat
674 1650 709 1722 in
729 1650 795 1732 eis,
818 1675 892 1723 una
910 1651 1093 1734 voluntas,
1115 1675 1190 1722 una
1209 1650 1378 1732 charitas,
1457 1684 1461 1691 ’

262 1758 471 1830 animorum
514 1756 761 1840 cohaerentia,
795 1783 944 1853 semper
986 1782 1129 1829 morum
1169 1758 1378 1838 concordia,

263 1865 439 1937 virtutum
487 1864 616 1947 cultus,
667 1863 907 1937 conformitas
954 1865 1132 1936 mentium
1180 1881 1218 1936 et
1264 1864 1383 1960 pietas

264 1972 462 2045 actionum.
521 1973 618 2044 Nam
656 1972 743 2042 dum
782 1972 929 2043 cuidam
968 1969 1151 2044 sacerdoti
1181 1996 1228 2043 ex
1257 1996 1383 2043 saecu-

264 2078 413 2162 laribus,
444 2079 506 2175 qui
544 2076 683 2150 meritis
712 2076 820 2150 valde
858 2077 1004 2150 infamis
1038 2096 1127 2162 erat,
1160 2094 1196 2149 et
1225 2078 1382 2150 enormi·
1440 2104 1452 2116 ·

263 2202 339 2258 tate
381 2184 563 2257 scelerum
601 2186 648 2256 ab
679 2184 852 2257 omnibus
895 2186 1201 2268 contemnendus,
1233 2183 1382 2257 confite·

265 2308 392 2364 rentur
430 2317 543 2388 saepe
580 2307 734 2388 peccata
763 2317 840 2373 sua,
873 2308 910 2362 et
938 2317 1006 2388 per
1035 2294 1170 2364 multos
1199 2291 1252 2363 eis
1281 2292 1378 2363 inno·

265 2398 396 2471 tuisset
433 2397 528 2471 illius
564 2397 738 2495 nequitia,
780 2397 880 2471 nullo
917 2400 1029 2471 modo
1066 2416 1191 2472 tamen
1230 2399 1383 2472 credere

266 2506 472 2590 voluerunt,
506 2530 573 2577 nec
608 2522 808 2602 propterea
837 2508 1042 2578 omiserunt
1070 2523 1226 2604 peccata
1254 2532 1320 2578 sua
1349 2505 1382 2578 ei

265 2612 374 2685 solito
403 2611 580 2693 confiteri,
604 2638 672 2684 nec
692 2612 857 2685 debitam
886 2614 1102 2710 impendere
1122 2613 1379 2686 reverentiam.
1413 2677 1431 2691 .

265 2718 313 2790 Ε2
342 2718 492 2815 quidem
522 2744 606 2791 cum
635 2719 725 2815 ipse,
758 2720 816 2791 vel
846 2720 937 2792 alius
966 2720 1152 2801 sacerdos,
1185 2721 1331 2793 cuidam
1361 2744 1383 2792 e

265 2825 438 2897 fratribus
467 2826 628 2921 quadam
662 2826 723 2898 die
757 2826 932 2899 dixisset:
965 2827 1071 2910 Vide,
1105 2829 1225 2902 frater.
1259 2852 1305 2899 ne
1333 2825 1384 2899 sis

265 2932 469 3028 hypocrita,
502 2932 636 3016 statim,
669 2951 822 3029 propter
857 2934 1062 3006 sacerdotis
1097 2936 1262 3017 verbum,
1303 2959 1383 3005 cre-

265 3038 357 3111 didit
393 3064 433 3111 se
470 3039 580 3111 frater
610 3039 668 3112 ille
704 3040 937 3136 hypocritam
967 3067 1068 3123 esse;
1101 3059 1254 3137 propter
1282 3040 1383 3137 quod

266 3146 327 3218 die
364 3172 407 3217 ac
447 3164 555 3218 nocte
592 3147 875 3231 lamentabatur,
908 3148 1021 3220 nimio
1050 3148 1178 3220 dolore
1216 3148 1379 3220 affectus

266 3252 543 3346 Quaerentibus
571 3271 695 3325 autem
725 3255 772 3326 ab
801 3280 848 3326 eo
882 3255 1054 3327 fratribus
1074 3255 1163 3351 quid
1182 3254 1251 3327 sibi
1272 3254 1383 3326 vellet

266 3377 368 3431 tanta
404 3359 589 3432 moestitia
618 3377 759 3434 ettam
798 3361 963 3433 insuetus
1002 3386 1158 3443 moeror,
1191 3360 1383 3458 respondit

266 3466 411 3538 dicens:
443 3466 628 3539 Sacerdos
657 3467 808 3562 quidam
838 3468 910 3540 tale
937 3470 1092 3542 verbum
1123 3468 1210 3541 mihi
1240 3469 1385 3541 locutus

339 3692 394 3729 2-2.
417 3676 451 3728 Os
466 3674 583 3733 Christe,
601 3688 626 3727 et
642 3676 826 3728 benedicimus
847 3678 903 3742 tibi,
919 3692 944 3729 et
1018 3694 1041 3730 2.
1061 3678 1090 3729 H
1107 3696 1156 3729 ουτ.
1175 3677 1305 3730 ecclesias
1325 3692 1384 3729 tuas

264 3758 283 3811 R
303 3774 351 3809 om.
371 3772 418 3809 eos
529 3772 553 3818 4.
575 3757 751 3826 ubicumque]
775 3758 809 3809 Os
829 3768 858 3810 ut
970 3758 1027 3825 5-6.
1048 3758 1075 3809 H
1094 3775 1142 3813 oin.
1162 3757 1217 3809 sive
1237 3760 1263 3809 in
1283 3758 1383 3827 pariete

261 3845 282 3889 ct
302 3838 346 3903 lag.
367 3836 461 3888 arbore
535 3838 558 3889 8.
581 3838 600 3889 R
620 3853 668 3888 om.
688 3838 750 3888 sic·
763 3837 875 3889 docebat
933 3838 967 3890 02
982 3838 1154 3889 innocentiae
1171 3839 1226 3889 uita
1298 3854 1322 3899 o.
1338 3836 1386 3890 ,45

186 3984 189 3988 .
261 3916 545 3985 omsic-possidebat
612 3916 986 3986 10.una]Hunusa;Pom.
1025 3917 1101 3986 tides]
1116 3918 1209 3971 ,lldies
1277 3934 1315 3970 11.
1329 3934 1383 3969 una

261 3997 497 4066 voltaveravot.
570 3997 933 4065 13..⁴lSconf.inaeternum
974 3999 1223 4069 Rmentisetpacis
1297 4014 1335 4066 15.
1349 3999 1384 4051 os

261 4080 356 4129 merito
406 4077 488 4130 Rom.
503 4076 610 4130 infamis
687 4094 726 4148 17.
743 4078 981 4148 0.1·,R0m.saepe
1030 4079 1225 4149 Hetcumper
1301 4079 1383 4131 18.il-

262 4156 326 4224 lius]
349 4157 454 4210 Oxsua
533 4174 570 4228 ¹9·
589 4159 634 4211 As
652 4159 798 4211 noluerunt
857 4159 1061 4211 Wdimiserunt
1135 4158 1384 4215 22.Pom.frater

265 4252 306 4303 23·
328 4236 361 4289 05
380 4255 427 4288 om.
448 4234 594 4289 sacerdotis
651 4239 679 4290 ,ll
699 4238 779 4289 verba
853 4253 895 4303 24.
920 4240 954 4292 (b
976 4252 1138 4309 quapropter
1212 4237 1253 4292 26.
1273 4240 1318 4293 AS
1335 4257 1383 4292 om.

264 4315 313 4367 sibi
373 4316 511 4368 Pvellent
584 4332 625 4383 27.
646 4318 692 4371 AS
709 4329 734 4369 et
753 4331 842 4370 tantus
905 4320 932 4371 ,ll
952 4333 1109 4371 mansuetus
1129 4335 1213 4371 moer.
1233 4328 1255 4373 et
1275 4338 1323 4373 om.
1343 4338 1383 4373 re-

266 4395 373 4464 spondst
