3142 4875
627 347 732 396 BEATI
764 346 950 396 FRANCISCI
1273 342 1347 416 217

225 576 402 651 baculum
431 603 543 652 manu
572 594 726 676 gestans
756 577 950 674 egreditur
979 579 1088 652 lotas.
1145 579 1352 677 Exspectat

226 684 315 757 loris
333 684 383 758 ad
402 686 548 769 ostium,
571 686 692 758 donec
711 683 893 781 incipiant
916 686 1067 769 fratres;
1089 685 1274 782 siquidem
1294 712 1350 760 so·

225 790 278 863 liti
298 808 404 864 erant
432 817 507 865 non
536 806 757 889 exspectare
779 791 911 888 ipsum,
934 795 1086 888 quando
1114 817 1188 865 non
1206 791 1350 866 veniret

224 898 273 971 ad
301 897 463 996 signum.
534 897 608 972 Illis
644 898 909 996 incipientibus
947 899 1183 984 manducare,
1215 901 1351 973 clamat
1399 923 1403 928 ·

174 1027 195 1092 5
223 1029 335 1077 verus
364 1030 507 1101 pauper
533 1006 582 1078 ad
601 1004 753 1078 ostium:
784 1005 927 1078 Amore
947 1006 1087 1079 domini
1116 1006 1201 1091 Dei,
1225 1006 1345 1093 sacite,

225 1111 354 1207 inquit,
390 1110 669 1208 eleemosynam
708 1109 767 1183 isti
804 1112 1005 1209 peregrino
1039 1113 1192 1210 pauperi
1230 1129 1269 1186 et
1297 1112 1348 1186 in-

225 1218 343 1290 firmo.
400 1218 647 1316 Respondent
676 1218 827 1290 fratres:
860 1219 959 1293 lntra
987 1220 1069 1303 huc,
1100 1221 1223 1302 homo,
1252 1217 1347 1294 illius

224 1349 354 1398 amore
378 1350 489 1422 quem
509 1325 700 1398 invocasti.
758 1326 931 1421 Repente
954 1325 1100 1423 [igitur]
1125 1325 1343 1424 ingreditur,

224 1448 263 1504 et
281 1457 365 1505 sese
386 1433 668 1506 comedentibus
687 1433 805 1505 offert.
865 1432 940 1505 Sed
956 1449 1137 1529 quantum
1152 1449 1372 1530 stuporem».

152 1560 195 1606 10
225 1537 346 1611 credis
373 1538 614 1637 peregrinum
643 1538 786 1611 civibus
807 1539 998 1613 intulisse?
1054 1540 1176 1614 Datur
1203 1540 1344 1637 petenti

224 1644 389 1730 scutella,
410 1661 449 1719 et
477 1645 557 1719 solo
585 1646 686 1718 solus
705 1648 927 1719 recumbens
955 1647 1097 1720 discum
1117 1647 1223 1745 ponit
1241 1646 1278 1720 in
1298 1644 1344 1719 ci·

225 1776 325 1825 nere.
383 1753 500 1825 Modo
520 1754 645 1836 sedeo
667 1752 729 1836 ait,
752 1769 793 1825 ut
813 1753 926 1825 frater
944 1754 1079 1827 Minor.
1136 1753 1186 1827 Et
1203 1755 1252 1827 ad
1276 1755 1344 1827 fra-

224 1874 316 1931 tres:
348 1859 473 1957 Magis
493 1885 563 1932 nos
590 1858 764 1956 exempla
783 1862 1014 1957 paupertatis
1033 1859 1114 1933 Filii
1134 1860 1208 1934 Dei
1231 1885 1344 1956 quam

225 1982 393 2038 caeteros
412 1965 609 2063 religiosos
629 1991 766 2063 cogere
786 1966 935 2038 debent.
992 1967 1163 2040 Mensam
1186 1967 1261 2039 vidi
1281 1992 1343 2064 pa·

154 2091 193 2155 15
223 2087 341 2145 ratam
362 2089 400 2145 et
419 2089 599 2156 ornatam,
623 2088 662 2146 et
680 2097 888 2169 pauperum
903 2072 1065 2146 ostiatim
1081 2072 1247 2147 euntium
1268 2098 1341 2146 non

225 2204 308 2251 esse
327 2179 498 2277 cognovi.
557 2177 723 2252 Similem
740 2180 838 2252 hunc
859 2180 971 2252 luisse
986 2180 1186 2278 peregrino
1202 2179 1262 2266 illi,
1279 2180 1342 2277 qui

223 2283 325 2357 solus
344 2303 424 2359 erat
443 2286 479 2359 in
495 2286 696 2359 ierusalem
713 2288 846 2358 eodem
862 2286 934 2372 die,
956 2288 1041 2359 sacti
1061 2287 1176 2360 series
1196 2287 1339 2383 probat.

225 2391 300 2465 Cor
320 2392 557 2467 nihilominus
576 2393 713 2468 ardens
732 2391 768 2465 in
789 2392 989 2491 discipulis,
1006 2395 1094 2468 dum
1115 2393 1338 2491 loqueretur,

223 2499 355 2572 effecit.

648 2661 913 2671 a———---—.

148 2869 194 2916 20
339 2837 501 2936 [Contra
520 2839 770 2911 curiositatem
791 2837 1002 2936 librorum}
1062 2836 1221 2909 XXXII.
1266 2787 1269 2792 -

303 3055 364 3122 62.
396 3051 435 3122 ln
456 3050 557 3124 libris
580 3051 834 3125 testimonium
855 3051 928 3124 Dei
957 3076 1136 3148 quaerere
1157 3076 1232 3124 non
1261 3077 1342 3147 pre·

123 3147 136 3167 ’
223 3157 324 3241 tium,
355 3157 652 3231 aedificationem
686 3184 761 3230 non
798 3157 1110 3255 pulchritudinem
1144 3158 1337 3231 edocebat.

223 3265 366 3337 Paucos
384 3281 510 3338 tamen
539 3265 668 3339 haberi
688 3265 848 3351 volebat,
870 3267 1100 3362 eosdemque
1119 3265 1167 3338 ad
1187 3266 1339 3337 lratrum

223 3371 414 3468 egentium
444 3372 704 3445 necessitatem
725 3387 887 3466 paratos.
946 3371 1054 3445 Unde
1084 3397 1167 3444 cum
1188 3371 1339 3468 quidam

152 3490 192 3556 25
223 3476 388 3551 minister
415 3477 528 3551 libros
556 3478 774 3552 ambitiosos
808 3478 1037 3575 multumque
1065 3480 1232 3552 valentes
1260 3478 1340 3551 eius

223 3583 369 3657 licentia
383 3585 598 3659 retinendos
617 3601 821 3682 expeteret,
843 3586 984 3659 audivit
1003 3586 1050 3658 ab
1070 3585 1167 3682 ipso:
1186 3584 1339 3657 Librum

222 3690 419 3789 Evangelii
449 3694 549 3787 quod
568 3693 719 3789 promisi
748 3718 817 3791 pro
836 3693 909 3765 tuis
932 3692 1033 3765 libris
1053 3694 1210 3788 perdere
1240 3692 1336 3763 nolo.

221 3796 280 3870 Tu
301 3797 453 3894 quidem
473 3801 573 3896 quod
592 3796 753 3873 volueris
769 3800 898 3884 lacies;
917 3824 1001 3871 mea
1020 3824 1094 3870 non
1115 3799 1178 3870 fiet
1192 3797 1340 3870 licentia

224 3902 425 4001 [laqueus].

293 4118 682 4189 2.Lfratrescomedere;siq.
752 4122 812 4175 &A
823 4138 871 4174 om.
883 4121 964 4190 igitur
1032 4117 1195 4184 14.Rdebet
1263 4116 1339 4183 27.R

223 4200 396 4270 promisimus
469 4216 510 4271 ²9·
526 4201 551 4253 A
567 4218 616 4253 orn.
631 4199 760 4271 laqueus;
777 4201 799 4254 L
816 4202 927 4271 laqueus
942 4200 1096 4253 animarum
