3142 4875
274 336 349 386 210
647 341 819 389 LEGENDA
847 341 1015 390 SECUNDA

270 573 373 647 citur.
432 574 532 646 Nihil
543 574 642 648 enim
659 574 965 672 impossibilitatis
980 576 1193 660 causemini,
1211 578 1388 674 quoniam

269 681 338 753 etsi
368 707 481 778 supra
511 681 610 753 vires
639 683 718 777 ipse
747 682 976 766 mandarem,
1006 683 1146 756 viribus
1174 684 1389 758 obedientia

269 813 343 859 non
364 806 517 861 careret.
577 788 660 861 Huc
682 815 799 885 usque
820 788 969 884 spiritus
991 790 1212 886 prophetiae
1240 817 1388 888 praero-

269 895 434 991 gativam
463 894 613 992 spiritus
642 895 927 968 commendavit.

448 1348 524 1443 [De
538 1350 648 1442 fame
674 1375 787 1444 quam
810 1359 894 1443 post
922 1360 1072 1421 mortem
1100 1376 1208 1422 suam
1418 1392 1434 1456 5

504 1464 688 1558 futuram
700 1463 929 1562 praedixit}
988 1463 1126 1538 XXIII.

352 1699 410 1768 52.
442 1676 569 1750 Sancti
589 1677 656 1749 viri
677 1679 768 1749 mira
796 1678 982 1774 quaedam
1003 1679 1049 1752 de
1069 1705 1110 1752 se
1138 1680 1239 1776 loqui
1268 1679 1386 1753 sancti

268 1782 427 1880 Spiritus
446 1784 621 1856 instinctu
642 1786 869 1881 quandoque
888 1802 1084 1883 coguntur,
1108 1813 1191 1859 cum
1214 1785 1387 1860 videlicet

266 1906 330 1962 aut
358 1891 478 1989 gloria
497 1891 570 1962 Dei
599 1889 718 1987 exigit
746 1892 913 1965 revelare
941 1918 1163 1977 sermonem,
1187 1910 1252 1966 aut
1270 1895 1306 1966 in
1327 1919 1385 1966 ae-

267 1996 517 2070 dificationem
548 1998 706 2094 proximi
727 2001 821 2071 ordo
852 1997 1015 2095 postulat
1033 2001 1234 2073 charitatis.
1286 2001 1385 2073 Hinc
1420 2038 1458 2085 10

266 2119 324 2176 est
358 2106 459 2201 quod
498 2106 630 2177 beatus
659 2120 766 2199 pater
798 2105 860 2178 die
896 2106 1059 2202 quadam
1088 2107 1189 2179 fratri
1224 2107 1381 2189 cuidam,

266 2236 379 2307 quem
407 2209 607 2308 plurimum
630 2211 822 2308 diligebat,
846 2212 969 2284 retulit
987 2214 1143 2286 verbum
1164 2215 1262 2287 istud
1283 2215 1384 2310 quod

265 2334 353 2390 tunc
382 2319 430 2390 de
458 2318 527 2390 sibi
557 2318 724 2391 familiari
754 2335 1011 2414 reportaverat
1043 2322 1245 2394 secretario
1274 2321 1385 2394 maie·

266 2425 381 2497 statis.
438 2425 574 2509 Hodie,
607 2424 734 2521 inquit,
766 2442 823 2499 est
850 2426 983 2523 aliquis
1011 2453 1141 2501 servus
1170 2429 1243 2501 Dei
1272 2455 1385 2527 super

265 2547 402 2604 terram
424 2549 577 2629 propter
596 2558 718 2629 quem,
737 2533 858 2605 donec
877 2534 1012 2607 vixerit
1031 2536 1121 2631 ipse,
1141 2561 1215 2607 non
1235 2537 1384 2631 permit·
1416 2572 1453 2637 15

265 2638 308 2710 tit
328 2637 433 2711 Deus
454 2638 589 2711 samem
610 2665 722 2737 super
741 2640 912 2713 homines
942 2641 1145 2715 desaevire.
1203 2641 1303 2715 Nihil
1323 2669 1383 2715 va·

265 2744 389 2817 nitatis
422 2745 560 2830 habuit,
592 2747 659 2819 sed
685 2763 815 2819 sancta
841 2746 971 2821 relatio
999 2774 1111 2845 quam
1144 2749 1181 2821 in
1214 2749 1383 2822 aedifica·

264 2851 403 2925 tionem
434 2869 599 2925 nostram
628 2854 751 2925 verbis
780 2855 929 2938 sanctis,
965 2855 1154 2941 modestis,
1188 2855 1249 2929 illa
1286 2882 1383 2953 quae

265 2983 338 3030 non
359 2960 504 3056 quaerit
525 2985 621 3056 quae
641 2986 708 3033 sua
729 2976 825 3043 sunt,
848 2979 978 3034 sancta
997 2962 1158 3035 charitas
1176 2964 1380 3047 eructavit;

265 3090 333 3137 nec
362 3084 441 3139 erat
469 3084 546 3139 tam
576 3068 690 3140 mirae
719 3067 927 3141 dilectionis
955 3069 1219 3168 praerogativa
1244 3069 1382 3143 Christi
1411 3104 1453 3151 20

348 3295 396 3361 De
411 3296 498 3385 same
523 3318 614 3384 quam
632 3309 699 3384 post
721 3310 844 3363 mortem
866 3320 952 3363 suam
968 3298 1110 3389 suturam
1129 3298 1292 3385 praedixit.

330 3490 437 3557 Sancti
464 3490 521 3556 viri
557 3492 634 3556 mira
662 3490 819 3577 quaedam
854 3488 893 3555 de
926 3513 958 3556 se
991 3490 1088 3578 loqui,
1122 3494 1222 3558 sancti
1247 3492 1381 3579 Spiritus

262 3580 412 3646 instinctu
442 3579 637 3667 quandoque
661 3598 830 3665 coguntur,
858 3602 931 3645 cum
963 3579 1084 3645 scilicet
1111 3599 1166 3646 aut
1194 3581 1295 3666 gloria
1319 3583 1381 3647 Dei

263 3671 363 3756 exigit
379 3691 528 3734 revocare
545 3691 741 3745 sermonem,
755 3688 808 3735 aut
825 3668 1004 3735 aedificatio
1017 3670 1154 3755 proximi
1148 3668 1230 3735 'hoc
1242 3670 1379 3757 requirit.

263 3760 348 3824 Hinc
372 3776 420 3823 est
443 3757 531 3845 quod
552 3758 662 3823 beatus
684 3778 773 3844 pater
797 3757 848 3824 die
868 3758 1010 3846 quodam
1031 3758 1114 3824 fratri
1136 3758 1263 3825 cuidam
1283 3781 1379 3848 quem
1409 3781 1448 3847 25

262 3846 413 3937 diligebat
444 3849 593 3913 attentius
626 3847 730 3913 retulit
765 3846 897 3912 verbum
931 3847 1167 3923 huiuscemodi,
1194 3866 1290 3935 prout
1322 3847 1381 3914 sibi

262 3957 327 4002 erat
352 3960 368 4002 a
393 3938 538 4002 Domino
559 3936 746 4002 revelatum.
794 3935 943 4016 Hodie(
936 3938 1048 4038 inquit,
1066 3956 1113 4002 est
1138 3937 1247 4024 aliquis
1271 3961 1380 4004 servus

263 4027 324 4091 Dei
348 4048 443 4114 super
466 4045 581 4091 terram
602 4045 729 4112 propter
752 4048 862 4112 quem,
879 3989 955 4092 ditm
982 4027 1107 4102 vixerit,
1128 4050 1195 4092 non
1217 4029 1381 4129 permittet

263 4116 425 4181 Dominus
450 4115 569 4182 famem
601 4138 696 4202 super
726 4115 874 4181 homines
899 4115 1068 4181 desaeiire.
1119 4116 1223 4181 Hoc
1216 4140 1248 4181 m
1274 4114 1382 4182 aedifi·

262 4204 422 4270 tationem
447 4204 585 4291 proximi
612 4204 746 4271 charitas
771 4205 924 4272 eructavit
953 4205 1041 4292 quod
1058 4210 1277 4293 praerogativa
1302 4204 1380 4271 dile·
1411 4223 1450 4290 30

336 4413 358 4450 1.
373 4397 460 4467 enim]
475 4398 506 4450 M
517 4399 600 4451 ctiam
672 4413 696 4451 2.
711 4398 732 4451 R
746 4415 825 4468 super
900 4413 958 4468 3-4.
972 4401 1002 4452 ,ii
1014 4417 1062 4453 om.
1077 4399 1137 4452 Huc
1149 4429 1164 4438 -
1176 4400 1382 4453 commendavit
