3142 4875
630 382 734 430 BEATI
763 382 948 430 FRANCISCI
1272 381 1341 452 371

229 612 349 692 lieres,
380 638 506 685 amare
548 614 696 694 flebant,
729 614 916 686 dicentes:
961 614 1099 687 Sancte
1137 615 1346 698 Francisce‚

229 721 346 792 redde
375 721 488 792 filium
523 720 681 794 miserae
710 719 828 793 matri.
887 722 1010 794 Mater
1046 738 1131 818 post
1168 722 1297 795 horam
1326 748 1348 796 a

229 842 304 899 tam
335 827 439 923 gravi
470 828 599 900 dolore
628 827 825 923 respirans.
858 826 894 900 in
924 854 964 900 se
994 853 1154 911 reversa,
1185 829 1259 901 tale
1287 855 1348 901 vo·

229 949 307 1005 tum
337 933 476 1006 emisit:
508 933 544 1007 O
574 950 702 1007 sancte
730 935 939 1016 Francisce
964 935 1080 1007 redde
1105 935 1192 1007 mihi
1222 935 1348 1008 miser-

182 1066 197 1129 ς
229 1040 344 1112 rimae
374 1066 497 1112 meum
526 1039 700 1112 dilectum
732 1039 855 1122 lilium,
885 1059 923 1114 et
950 1067 1025 1138 ego
1055 1040 1202 1139 cingam
1233 1042 1348 1115 altare

228 1163 332 1219 tuum
362 1146 423 1219 filo
451 1163 644 1244 argenteo,
679 1172 850 1244 novaque
870 1148 1029 1221 sindone
1049 1147 1136 1220 illud
1166 1148 1343 1270 operiam.

228 1270 266 1326 et
308 1252 472 1325 candelis
514 1271 630 1326 totam
673 1270 775 1327 tuam
818 1254 1014 1328 ecclesiam
1044 1253 1345 1352 circumcingam.

228 1359 364 1455 Sicque
394 1376 578 1455 ponentes
607 1359 805 1433 cadaver
795 1385 831 1433 rn
862 1360 968 1440 lecto
1001 1386 1086 1434 cum
1117 1387 1191 1433 nox
1232 1380 1343 1442 esset,

227 1466 275 1539 ad
304 1465 559 1562 sepeliendum
591 1493 675 1539 eum
705 1467 804 1540 diem
835 1468 1035 1540 crastinum
1063 1471 1343 1564 exspectabant.

161 1597 199 1642 10
229 1572 340 1646 Circa
367 1598 457 1645 vero
487 1574 648 1646 mediam
679 1592 827 1646 noctem
857 1576 981 1670 coepit
1010 1575 1153 1647 iuvenis
1172 1576 1343 1651 oscitare.

228 1696 266 1751 et
282 1680 553 1753 calescentibus
569 1681 755 1764 membris,
779 1698 981 1778 antequam
1001 1681 1233 1754 illucesceret
1252 1683 1343 1766 dies,

228 1802 328 1859 totus
357 1786 490 1860 revixit
518 1806 557 1859 et
586 1787 621 1859 in
651 1787 770 1860 laudis
799 1791 913 1862 verba
947 1789 1124 1885 prorupit.
1185 1789 1348 1885 Populus

228 1893 423 1965 universus
455 1910 493 1965 et
526 1896 655 1970 clerus,
688 1919 821 1967 sanum
855 1920 940 1967 eum
969 1911 1007 1967 et
1041 1894 1263 1967 incolumem
1294 1896 1347 1966 in-

227 2016 385 2083 tuentes,
417 2000 529 2073 beato
558 2001 758 2073 Francisco
788 2003 928 2099 gratias
952 2000 1221 2097 persolverunt.

159 2127 194 2189 15
307 2113 368 2196 46.
402 2108 441 2178 ln
471 2123 593 2181 castro
622 2108 867 2203 Pomar[i]c0‚
899 2107 935 2180 in
965 2107 1152 2181 montanis
1185 2108 1347 2204 Apuliae

226 2213 360 2311 posit0‚
393 2215 487 2310 patri
518 2230 555 2287 et
585 2213 690 2288 matri
720 2214 829 2287 unica
857 2232 937 2287 erat
966 2214 1050 2296 fitia,
1072 2214 1108 2286 in
1138 2233 1267 2287 tenera
1289 2239 1347 2285 ae-

226 2336 302 2393 tate
333 2339 460 2393 tenere
490 2320 726 2417 praedilecta
786 2321 835 2393 Et
864 2320 1039 2417 quoniam
1070 2320 1344 2394 successionem

227 2454 301 2501 non
330 2428 531 2550 sperabant
567 2427 676 2502 aliam
713 2428 921 2511 affuturam,
967 2427 1027 2502 illa
1067 2428 1179 2501 totius
1210 2429 1347 2501 amoris

226 2536 392 2616 materia,
414 2534 476 2607 illa
503 2536 625 2608 omnis
653 2560 766 2608 causa
795 2534 1052 2608 sollicitudinis
1080 2554 1160 2608 erat
1188 2535 1253 2608 eis.
1294 2520 1343 2607 ln

155 2659 197 2706 20
227 2642 371 2715 firmata
400 2666 563 2737 namque
589 2642 637 2714 ad
664 2658 832 2724 mortem,
855 2641 1000 2739 puellae
1029 2658 1136 2739 pater
1164 2657 1201 2714 et
1229 2658 1347 2715 mater

226 2775 267 2821 se
296 2764 464 2820 mortuos
493 2749 725 2845 reputabant.
784 2749 929 2822 Diebus
953 2749 1068 2847 igitur
1094 2765 1132 2821 et
1162 2748 1343 2831 noctibus,

226 2854 390 2928 sollicitis
421 2854 529 2927 nimis
556 2855 693 2952 vigiliis
722 2856 818 2928 circa
847 2854 994 2952 puellae
1023 2855 1229 2928 custodiam
1263 2854 1345 2927 insi-

226 2978 377 3045 stentes
412 2987 520 3035 mane
549 2963 713 3058 quodam
742 2962 840 3034 illam
884 2980 1067 3036 mortuam
1112 2962 1345 3039 invenerunt.

227 3070 339 3141 Forte
360 3069 602 3165 subreptione
622 3069 744 3142 somni
763 3070 822 3141 vel
842 3069 1052 3167 vigiliarum
1075 3067 1202 3142 labore
1222 3070 1345 3166 aliqua

155 3191 193 3257 25
228 3174 458 3273 negligentia
475 3176 683 3248 intervenit.
733 3175 878 3249 Orbata
897 3177 950 3247 sic
970 3192 1091 3249 mater
1110 3176 1206 3248 dulci
1227 3177 1342 3273 prole.

225 3308 367 3378 speque
397 3280 510 3378 prolis
538 3283 684 3365 amissa,
715 3283 864 3355 videtur
892 3299 930 3355 et
968 3283 1048 3379 ipsa
1082 3283 1184 3354 mori.
1244 3282 1345 3354 Con-

225 3389 378 3462 veniunt
407 3405 582 3485 parentes
602 3405 639 3461 et
663 3388 844 3462 convicini
865 3391 912 3462 ad
933 3389 1056 3461 flebile
1086 3388 1193 3461 nimis
1223 3389 1341 3465 sunus.

225 3514 263 3568 et
282 3496 464 3569 tumulare
485 3512 688 3592 properant
707 3496 880 3569 exanime
901 3522 1047 3592 corpus.
1108 3496 1206 3567 lacet
1227 3513 1345 3566 mater

226 3601 352 3674 infelix
381 3601 627 3675 ineffabilibus
656 3604 842 3699 completa
870 3602 1070 3685 doloribus
1102 3619 1140 3672 et
1168 3602 1343 3696 absorpta

156 3724 196 3788 30
225 3733 398 3805 suprema
429 3709 574 3781 tristitia
612 3709 660 3781 de
696 3710 766 3782 hiis
803 3735 900 3806 quae
930 3708 1021 3780 fiunt
1056 3705 1142 3780 nihil
1171 3706 1340 3778 advertit.

225 3815 375 3888 Interim
405 3832 556 3889 sanctus
576 3816 809 3901 Franciscu5‚
832 3841 906 3887 uno
927 3833 1071 3887 tantum
1101 3813 1204 3886 socio
1233 3815 1341 3885 comi-

224 3938 333 4004 tatus,
365 3922 489 3996 visitat
516 3923 734 4005 desolatam,
757 3939 795 3995 et
815 3921 959 4018 placitis
978 3921 1110 3994 affatur
1138 3918 1340 4015 colloquiis.

223 4028 309 4101 Noli
339 4029 437 4111 llere,
470 4029 599 4125 inquit,
632 4056 717 4101 nam
760 4028 934 4101 lucernae
963 4047 1050 4101 tuae
1079 4027 1228 4125 penitus
1270 4025 1341 4099 iarn

224 4135 440 4218 exstinctae,
463 4139 587 4209 lumen
618 4161 706 4209 ecce
735 4134 938 4208 restituam.
998 4135 1127 4233 Surgit
1152 4135 1343 4231 extemplo

154 4258 195 4323 35
224 4243 365 4327 mulier,
397 4262 434 4316 et
462 4242 647 4339 quaesibi
668 4242 815 4316 dixerat
841 4260 992 4315 sanctus
1018 4241 1240 4315 Franciscus
1268 4267 1341 4314 om·

299 4487 337 4537 15.
359 4474 386 4525 ,ll
406 4472 539 4524 Pomarco
