3142 4875
270 311 346 400 248
648 336 820 383 Lcunxnn
848 334 1014 382 snrt'xnn

1124 443 1391 452 -.—.—-———.

264 566 523 663 requirentur?
580 566 650 638 Cui
672 592 756 638 cum
776 567 909 640 beatus
929 566 1151 640 Franciscus
1171 566 1326 641 idiotam
1346 594 1389 641 se

264 675 415 756 diceret,
439 689 476 744 et
495 672 581 744 ideo
610 672 732 768 magis
761 672 975 747 docendum
994 675 1042 746 ab
1062 698 1119 757 e0,
1142 699 1255 770 quam
1276 700 1391 771 supra

263 780 470 876 scripturae
498 780 722 852 sententiam
744 780 982 876 respondere,
1004 780 1142 853 adiecit
1160 779 1309 853 humilis
1329 781 1390 855 ille

263 888 462 985 magister:
485 886 627 967 Frater.
651 886 738 959 licet
756 887 806 958 ab
824 886 1010 982 aliquibus
1030 888 1262 983 sapientibus
1284 888 1390 961 verbi

263 992 372 1066 huius
394 992 706 1089 [expositJionem
734 993 928 1075 audierim,
951 991 1110 1066 libenter
1128 1010 1255 1066 tamen
1275 1020 1391 1092 super
1425 1021 1444 1084 5

263 1101 334 1174 hoc
349 1117 454 1173 tuum
470 1099 676 1196 reciperem
693 1100 933 1173 intellectum.
973 1099 1081 1172 Dixit
1094 1101 1142 1173 ad
1157 1125 1243 1172 eum
1255 1103 1390 1175 beatus

263 1208 504 1285 Franciscus:
535 1205 573 1278 Si
602 1207 757 1279 verbum
789 1204 1046 1280 universaliter
1073 1208 1188 1280 debet
1216 1206 1387 1305 intelligi,

263 1314 386 1387 taliter
413 1338 488 1411 ego
516 1313 670 1411 accipin,
702 1314 804 1411 quod
833 1339 962 1387 servus
982 1314 1056 1386 Dei
1089 1313 1141 1387 sic
1170 1315 1284 1387 debet
1312 1315 1390 1390 vita

263 1437 301 1493 et
334 1419 561 1518 [sanct]itate
581 1420 618 1492 in
638 1446 680 1493 se
699 1421 843 1504 ardere,
866 1437 906 1493 ut
925 1420 1007 1494 luce
1027 1420 1189 1517 exempli
1205 1436 1244 1494 et
1258 1422 1389 1519 lingua

262 1525 556 1600 conversationis
585 1552 717 1600 omnes
746 1527 881 1624 impios
909 1527 1171 1624 reprehendat.
1230 1527 1303 1606 Sic,
1335 1529 1389 1601 in·
1424 1551 1464 1597 10

262 1659 385 1730 quam,
430 1632 608 1729 splendor
649 1633 748 1708 vitae
786 1633 867 1707 eius
904 1650 942 1706 et
978 1635 1073 1707 odor
1108 1634 1229 1707 lamae
1270 1634 1389 1731 ipsius

261 1740 434 1813 omnibus
462 1741 698 1814 annuntiabit
718 1740 951 1837 iniquitatem
981 1765 1123 1813 eorum.
1181 1741 1385 1815 Plurimum

262 1848 387 1943 itaque
407 1848 462 1920 vir
482 1846 541 1919 ille
561 1846 779 1920 aedificatus
799 1848 1018 1931 abscedens,
1041 1846 1135 1920 dixit
1155 1847 1265 1921 sociis
1284 1851 1386 1922 beati

262 1953 468 2026 Francisci:
488 1955 639 2027 Fratres
659 1955 743 2040 mei,
757 1953 949 2052 theologia
968 1954 1035 2027 viri
1052 1954 1170 2038 huius
1185 1956 1386 2052 [pu]ritate

260 2077 299 2134 et
328 2060 645 2157 contemplatione
665 2060 835 2144 subnixa,
857 2078 915 2134 est
934 2059 1059 2157 aquila
1085 2063 1235 2143 volans;
1259 2080 1386 2135 nostra
1422 2092 1459 2156 15

262 2194 353 2240 vero
373 2167 528 2241 scientia
556 2183 687 2241 ventre
715 2166 886 2265 graditur
914 2193 1027 2265 snper
1055 2185 1202 2241 terram.

691 2379 957 2387 -a—

312 2560 387 2654 [De
416 2560 465 2630 r'z's
493 2585 585 2654 quae
614 2561 866 2655 interrogalus
894 2587 918 2631 a
945 2561 1102 2654 quodam
1136 2559 1343 2633 Cardr'nulz'

641 2676 820 2769 operuit}
880 2673 1000 2746 LXX.

348 2910 430 2977 104.
460 2886 549 2959 Alio
578 2903 747 2982 tempore
777 2910 861 2957 cum
892 2903 992 2958 esset
1010 2884 1046 2957 in
1068 2885 1180 2969 Urbe,
1203 2885 1240 2958 in
1270 2888 1384 2958 domo

260 2995 452 3067 cuiusdam
484 2992 703 3073 Cardinalis,
735 2993 782 3064 de
821 2994 989 3065 obscuris
1029 2993 1281 3089 interrogatus
1310 3018 1382 3065 ser·
1415 3022 1461 3069 20

262 3101 434 3174 monibus
463 3100 513 3174 ita
542 3100 726 3197 profunda
755 3101 921 3196 ponebat
951 3101 986 3172 in
1008 3098 1140 3183 lucem,
1164 3116 1203 3171 ut
1231 3115 1384 3197 putares

261 3210 381 3305 ipsum
411 3233 560 3304 semper
596 3207 824 3279 inhabitasse
854 3205 1065 3303 scripturas.
1124 3206 1305 3303 Dixitque
1333 3206 1381 3278 ad

260 3341 346 3388 eum
367 3313 541 3387 dominus
561 3313 789 3386 Cardinalis:
813 3313 898 3411 Ego
920 3339 993 3386 non
1014 3330 1051 3385 te
1081 3313 1273 3410 interrogo
1293 3329 1381 3385 tam-

260 3447 371 3518 quam
402 3420 614 3505 litteratum‚
647 3421 713 3492 sed
744 3420 849 3516 quasi
880 3419 1070 3492 hominem
1091 3420 1292 3492 habentem
1313 3420 1383 3515 spi-

261 3530 370 3602 ritum
405 3529 489 3611 Dei,
522 3544 560 3599 et
596 3543 683 3599 tuae
717 3525 972 3624 responsionis
1004 3526 1266 3623 [intellectum]
1298 3526 1383 3598 ideo
1414 3553 1456 3619 25

260 3637 420 3710 libenter
455 3633 609 3731 accipio,
650 3633 827 3730 quoniam
867 3634 944 3705 scio
983 3633 1104 3731 ipsum
1134 3659 1155 3705 a
1189 3634 1269 3705 solo
1299 3633 1383 3705 Deo

261 3743 478 3842 procedere.

333 3972 355 4019 5.
369 3956 393 4007 A
408 3956 614 4024 responsionem
689 3967 714 4019 9.
729 3953 751 4003 A
767 3953 880 4003 veritate
957 3967 994 4002 11.
1016 3951 1085 4018 eius]
1105 3950 1124 4002 R
1142 3950 1221 4002 huius
1299 3964 1337 4002 12.
1354 3948 1384 4001 nt

258 4038 379 4107 ipsorum
474 4049 513 4099 ¹4·
533 4033 557 4085 A
578 4032 691 4085 veritate
784 4045 826 4100 23.
846 4031 983 4098 dominus]
1006 4030 1026 4082 R
1045 4030 1133 4082 dictus
1231 4044 1273 4093 24.
1292 4029 1380 4099 quasi]

260 4118 290 4168 ,ll
307 4128 437 4184 tanquam
511 4128 551 4181 25.
573 4113 596 4165 A
617 4129 666 4164 orn.
687 4109 854 4163 intellectum
928 4108 969 4163 26.
991 4110 1011 4162 R
1031 4111 1094 4181 quin

688 4308 955 4318 ———-————
