3142 4875
616 383 719 432 onnrr
748 381 933 432 rnnucrscr
1259 379 1332 449 393

220 493 495 502 ——--—‚—.
510 495 613 501 .—.-
637 495 722 501 -.......
747 495 898 501 .—..-*„.
909 493 1149 500 ...-,.....-.--
1160 491 1336 497 -..ῳ-Η

215 641 296 688 rum
327 617 473 703 elevari,
506 633 546 691 ut
573 642 695 714 poena
723 642 870 714 poenae
899 617 1105 689 succedens
1144 613 1251 687 citius
1288 615 1336 687 ad

215 723 490 798 consessionem
520 723 682 798 criminis
702 723 802 797 illum
827 724 1041 797 adduceret.
1100 723 1176 795 Sed
1205 721 1335 817 spiritu

216 830 452 905 innocentiae
479 832 688 905 laetabatur
725 832 760 903 in
789 830 904 914 vultu,
945 829 1080 903 nullam
1112 828 1335 901 moestitiam

215 938 467 1033 praetendens
496 937 532 1011 ln
561 938 703 1035 poenis.
762 931 911 1011 Deinde
944 962 1124 1010 accensus
1154 952 1210 1008 est
1239 935 1337 1033 ignis

169 1060 183 1125 5
215 1044 284 1116 sub
313 1043 395 1142 ipso
425 1070 498 1117 non
529 1045 707 1130 modicus,
740 1070 809 1118 nec
838 1060 1036 1141 propterea
1071 1042 1226 1139 capillus
1255 1043 1336 1114 eius

214 1150 338 1223 laesus
365 1168 433 1236 est,
466 1178 549 1225 cum
571 1151 945 1249 capitedependeret
963 1151 1011 1223 ad
1031 1168 1179 1223 terram.
1236 1148 1334 1221 Tan·

215 1256 302 1329 dem
331 1258 497 1332 bullienti
517 1258 601 1332 oleo
624 1260 851 1356 superfusus,
884 1257 971 1355 quia
1000 1256 1179 1329 innocens
1200 1271 1280 1328 erat
1299 1272 1336 1327 et

215 1389 256 1436 se
285 1389 306 1436 a
334 1365 516 1463 principio
545 1368 784 1440 commiserat
817 1367 929 1438 beato
967 1364 1178 1447 Francisco‚
1210 1364 1336 1434 ridens

215 1471 308 1543 haec
337 1473 463 1546 omnia
491 1474 690 1571 superavit.
744 1474 867 1546 Nocte
896 1470 994 1544 enim
1024 1469 1094 1554 illa,
1114 1495 1197 1542 cum
1227 1493 1336 1541 mane

148 1594 186 1639 10
214 1577 263 1650 ad
291 1579 520 1675 puniendum
541 1581 698 1653 deberet
717 1580 863 1662 adduci,
886 1578 1004 1651 sancti
1024 1576 1213 1650 Francisci
1232 1600 1335 1672 prae·

214 1685 334 1759 sentia
363 1687 506 1760 exstitit
533 1687 711 1769 visitatus,
735 1701 773 1759 et
794 1686 976 1758 immenso
1014 1685 1158 1780 fulgore
1187 1681 1336 1755 luminis

215 1791 475 1877 circumdatus,
495 1820 614 1890 usque
642 1818 762 1876 mane,
795 1792 959 1888 repletus
978 1791 1118 1888 gaudio
1142 1805 1180 1863 et
1200 1789 1335 1862 fiducia

216 1897 341 1982 multa,
372 1898 408 1972 in
431 1899 492 1974 illa
510 1902 676 1973 claritate
697 1899 911 1997 permansit.
970 1898 1196 1971 Benedictus
1215 1896 1331 1980 Deus

216 2005 278 2100 qui
309 2030 383 2079 non
411 2007 498 2079 sinit
527 2007 745 2080 innocentes
773 2005 894 2103 perire
924 1999 1025 2078 etin
1055 2003 1193 2077 diluvio
1221 2028 1337 2100 aqua·

149 2125 160 2171 ¹
169 2127 185 2190 5
216 2136 296 2182 rum
327 2114 522 2187 multarum
553 2114 589 2187 in
618 2140 660 2187 se
688 2113 925 2210 sperantibus
952 2130 1103 2210 praesto
1132 2128 1199 2183 est.

643 2325 909 2334 ———-.-—-

216 2521 275 2592 De
302 2519 472 2593 liberatis
497 2547 522 2592 a
540 2521 709 2617 periculo
730 2532 868 2617 partus
886 2532 920 2593 et
936 2523 979 2594 de
997 2548 1071 2594 non
1096 2520 1332 2593 servantibus

574 2629 655 2701 cius
670 2630 826 2725 festum.
886 2628 968 2700 Xll.

295 2879 356 2949 95.
389 2856 589 2931 Comitissa
618 2859 804 2956 quaedam
834 2859 869 2931 in
899 2857 1106 2941 Sclavonia
1148 2858 1242 2931 sicut
1272 2884 1333 2931 no-

214 2962 355 3036 bilitate
384 2962 543 3048 illustris,
574 2965 626 3037 sic
655 2981 693 3038 et
721 2965 869 3039 aemula
898 2965 1103 3061 probitatis,
1135 2990 1227 3063 erga
1247 2990 1333 3037 san·

144 3085 186 3132 20
214 3088 313 3142 ctum
343 3069 581 3144 Franciscum
611 3072 813 3145 devotione
849 3071 1040 3169 flagrabat,
1077 3096 1170 3169 erga
1203 3073 1334 3144 iratres

214 3202 304 3249 vero
331 3174 462 3250 sedula
489 3177 638 3274 pietate.
696 3178 888 3275 Tempore
906 3196 1035 3275 partus
1055 3178 1156 3251 duris
1176 3204 1333 3275 pervasa

214 3283 413 3367 doloribus,
445 3299 548 3357 tanta
577 3285 644 3358 luit
671 3287 846 3383 angustia
874 3284 1135 3367 circumventa,
1162 3304 1201 3357 ut
1220 3284 1333 3381 prolis

215 3391 358 3463 suturae
400 3408 504 3463 ortus
544 3416 723 3488 praesens
766 3392 954 3466 videretur
996 3394 1123 3465 matris
1165 3417 1330 3465 occasus·

216 3497 299 3569 Non
336 3496 533 3570 videbatur
568 3498 745 3571 infantem
775 3499 864 3572 eniti
893 3525 1004 3596 posse
1033 3499 1081 3572 ad
1110 3498 1234 3583 vitam,
1263 3499 1330 3571 nisi

144 3617 182 3683 25
213 3604 420 3700 exspiraret
447 3630 469 3677 e
498 3604 582 3688 vita,
615 3631 684 3677 nec
712 3605 775 3679 tali
815 3606 895 3679 nisu
930 3632 1060 3702 parere
1093 3607 1160 3678 sed
1198 3604 1331 3701 perire.

214 3709 396 3784 Subvenit
424 3711 525 3784 cordi
555 3711 634 3784 eius
663 3712 850 3785 Francisci
871 3714 978 3796 lama,
1001 3714 1117 3785 virtus
1136 3731 1174 3784 et
1192 3712 1329 3810 gloria;

212 3817 396 3891 excitatur
425 3818 526 3901 fides
558 3819 710 3892 devotio
748 3819 1009 3897 inflammatur.
1067 3818 1262 3892 Convertit
1290 3846 1330 3891 se

212 3923 260 3995 ad
287 3923 464 3997 auxillum
493 3924 637 4005 efficax,
669 3927 715 3998 ad
746 3926 860 4000 lidum
889 3928 1059 4005 amicum,
1097 3926 1146 3998 ad
1175 3928 1331 3999 devoto-

212 4057 294 4103 rum
322 4029 506 4117 solatium,
545 4033 730 4129 refugium
769 4033 1010 4105 alllictorum:
1051 4035 1188 4107 Sancte
1218 4034 1329 4106 Fran·

142 4151 184 4217 30
212 4138 319 4221 cisce,
352 4138 479 4234 inquit,
511 4139 639 4234 pietati
668 4155 754 4212 tuae
789 4141 998 4236 supplicant
1035 4142 1160 4213 omnia
1189 4138 1331 4213 viscera

212 4269 306 4331 mea,
336 4263 375 4317 et
403 4260 528 4318 mente
557 4271 678 4319 voveo
706 4248 808 4343 quod
838 4247 1024 4344 explicare
1060 4272 1134 4320 non
1164 4273 1327 4344 possum.

211 4350 308 4425 Mira
326 4352 495 4425 celeritas
524 4352 691 4449 pietatis!
749 4352 852 4425 Finis
880 4353 1029 4427 dicendi
1059 4355 1142 4426 finis
1171 4355 1238 4426 luit
1266 4355 1328 4425 do-

211 4457 319 4542 lendi,
338 4458 567 4556 parturiendi
588 4477 697 4542 meta,
716 4459 882 4556 pariendi
907 4459 1138 4557 principium.
1197 4460 1329 4531 Statim
