3142 4875
626 374 730 424 nanu
758 373 943 424 rnnuctsm
1264 375 1337 441 421

227 483 490 491 —---—--——-

226 606 323 679 adeo
337 622 438 679 esset
456 606 714 681 miserabiliter
728 633 863 679 curvus
877 623 991 703 atque
1010 624 1223 681 contractus
1241 610 1343 705 quod

226 738 292 786 ore
310 712 471 810 genibus
489 715 720 802 adhaereret,
752 730 871 787 mater
898 713 978 787 eius
1007 713 1137 788 mulier
1163 715 1276 789 vidua
1295 716 1342 788 ad

227 819 417 915 quoddam
446 820 647 895 oratorium
678 819 776 893 beati
802 820 989 894 Francisci
1020 822 1141 917 ipsum
1169 823 1340 920 portavit,

227 944 265 998 et
284 926 452 1000 oratione
471 953 539 1024 pro
558 927 673 1024 ipsius
702 925 920 1000 liberatione
947 928 996 1001 ad
1024 928 1229 1001 Dominum
1250 930 1340 1012 lusa,

181 1056 197 1120 5
227 1058 357 1105 sanum
387 1049 424 1106 et
454 1034 676 1108 incolumem
706 1033 807 1107 illum
836 1034 989 1108 domum
1018 1035 1176 1108 reduxit.

312 1159 394 1231 171.
427 1141 467 1212 ln
501 1139 595 1213 Vico
631 1140 741 1222 Albo,
785 1140 976 1213 cuiusdam
1013 1142 1176 1214 mulieris
1213 1167 1344 1216 manus

227 1247 325 1318 sicca
349 1246 489 1320 meritis
507 1247 624 1320 sancti
645 1248 766 1344 patris·
789 1246 953 1343 reliquae
981 1247 1108 1320 similis
1127 1265 1184 1321 est
1199 1249 1342 1321 effecta.

312 1372 395 1443 172.
428 1354 467 1426 ln
497 1354 645 1448 civitate
674 1354 838 1450 Capuae,
857 1352 989 1428 mulier
1017 1356 1201 1451 quaedam
1222 1354 1343 1452 sepul-

227 1485 329 1531 crum
358 1459 457 1533 beati
487 1460 674 1534 Francisei
704 1460 949 1557 personaliter
976 1460 1125 1535 visitare
1154 1487 1194 1534 se
1222 1462 1340 1540 vovit:

160 1585 198 1632 ro
227 1590 333 1663 quae,
358 1585 510 1664 propter
529 1592 655 1640 curam
676 1567 728 1640 rei
749 1566 937 1641 familiaris
964 1569 1041 1641 voti
1065 1568 1194 1643 emissi
1215 1569 1341 1652 oblita,

227 1674 422 1746 dexterum
443 1674 538 1746 latus
557 1674 681 1746 subito
701 1674 872 1771 perdidit.
923 1674 1047 1772 Caput
1075 1675 1187 1749 etiam
1206 1693 1244 1748 et
1263 1677 1345 1749 bra·

228 1780 361 1863 chium,
385 1780 584 1853 contractis
604 1780 737 1865 nervis
760 1781 795 1852 in
816 1781 977 1876 aliquam
1008 1798 1150 1878 partem
1171 1781 1345 1856 evolvere

229 1910 301 1957 non
330 1885 489 1961 valebat.
546 1887 683 1983 Sicque
720 1904 799 1960 tota
826 1889 938 1984 plena
966 1890 1166 1973 doloribus
1202 1888 1346 1962 vicinos

227 2018 315 2065 suos
336 1994 472 2067 ululatu
495 1994 671 2066 continuo
699 1994 891 2092 fatigabat.
949 1994 1205 2069 Transeuntes
1233 1996 1347 2095 igitur

161 2117 197 2181 ¹5
227 2100 302 2171 duo
332 2101 463 2200 fratres
499 2117 585 2174 ante
621 2101 774 2173 domum
812 2099 917 2186 illius,
948 2102 1070 2199 rogati
1099 2128 1121 2176 a
1149 2105 1345 2176 sacerdote

228 2205 401 2303 quodam,
433 2209 481 2280 ad
510 2207 682 2280 miseram
713 2207 951 2281 intraverunt.
1010 2209 1119 2304 Quae
1139 2211 1186 2283 de
1206 2211 1345 2284 omisso

227 2329 315 2386 voto
344 2315 525 2398 consessa,
554 2314 816 2387 benedictione
844 2316 892 2387 ab
922 2315 990 2388 illis
1019 2332 1178 2413 recepta,
1212 2316 1343 2390 eadem

228 2420 320 2495 hora
338 2447 429 2494 sana
447 2421 618 2495 surrexit.
676 2421 726 2495 Et
745 2448 812 2519 per
831 2447 991 2520 poenam
1012 2422 1215 2522 sapientior
1234 2424 1341 2509 sacta,

227 2528 308 2601 sine
337 2553 441 2602 mora
468 2531 569 2626 quod
598 2546 752 2603 voverat
780 2529 1009 2626 adimplevit.

156 2660 199 2707 20
315 2656 398 2728 173,
429 2635 717 2709 Bartholomeus
748 2637 797 2708 de
825 2635 975 2715 Narnio,
1017 2638 1086 2709 sisu
1121 2638 1251 2710 umbra
1285 2664 1344 2711 cu-

227 2741 371 2815 iusdam
407 2743 550 2815 arboris
586 2736 786 2827 dormiens,
817 2742 1001 2816 diabolica
1034 2744 1267 2840 correptione
1297 2771 1345 2817 ex

227 2863 306 2920 toto
336 2849 464 2922 tibiam
484 2849 646 2946 perdidit
668 2866 780 2946 atque
800 2849 947 2947 pedem,
971 2865 1008 2923 et
1028 2850 1141 2922 homo
1161 2852 1345 2923 exsistens

228 2956 496 3052 pauperrimus,
519 2982 594 3052 quo
608 2982 650 3030 se
664 2972 827 3030 verteret
847 2957 1047 3030 nesciebat.
1106 2956 1181 3029 Sed
1201 2974 1346 3031 amator

228 3087 443 3158 pauperum,
466 3063 621 3161 signifer
649 3062 785 3136 Christi
816 3062 1045 3147 Franciscus,
1077 3065 1124 3137 ad
1144 3064 1344 3160 quemdam

158 3191 196 3255 25
227 3169 360 3251 locum,
393 3169 428 3241 in
458 3171 599 3242 somnis
627 3169 695 3242 sibi
716 3194 912 3267 apparens,
944 3196 1030 3242 eum
1059 3171 1111 3244 ire
1140 3171 1341 3269 praecepit.

227 3274 290 3346 Ad
310 3300 421 3371 quem
449 3302 532 3348 cum
562 3275 623 3349 ille
650 3302 691 3349 se
719 3277 962 3373 pertraheret,
992 3279 1058 3350 sed
1082 3302 1104 3350 a
1128 3277 1270 3350 directo
1293 3279 1344 3349 iti-

229 3406 316 3454 nere
345 3381 559 3469 declinaret,
589 3383 730 3456 audivit
766 3409 897 3456 vocem
927 3383 1112 3456 dicentem
1147 3382 1234 3455 sibi:
1267 3384 1344 3456 Pax

227 3487 303 3560 tibi.
363 3489 448 3588 Ego
475 3515 556 3561 sum
591 3489 650 3563 ille
684 3489 740 3562 cui
779 3507 817 3562 te
851 3490 1008 3564 vovisti.¹
1053 3489 1102 3561 Et
1134 3490 1344 3586 perducens

228 3593 328 3667 illum
348 3595 395 3667 ad
415 3595 548 3679 locum,
572 3594 721 3669 manum
738 3622 860 3677 unam,
880 3614 919 3667 ut
938 3595 985 3668 illi
1007 3596 1210 3677 videbatur,
1233 3623 1346 3693 super

157 3727 199 3792 30
228 3702 362 3798 pedem
379 3719 417 3774 et
431 3703 541 3775 aliam
559 3727 672 3799 super
687 3703 814 3776 tibiam
829 3703 909 3774 eius
924 3702 1109 3799 imposuit,
1125 3720 1162 3774 et
1178 3705 1345 3776 membra

227 3807 279 3880 sic
308 3810 412 3881 arida
441 3810 671 3882 restauravit.
730 3810 801 3882 Hic
831 3826 918 3881 tunc
947 3825 1147 3904 provectae
1176 3827 1255 3881 erat
1284 3834 1343 3881 ae·

228 3916 323 3999 tatis,
355 3934 393 3987 et
420 3940 488 3988 sex
515 3941 698 3989 annorum
737 3917 858 4012 spatio
891 3916 1009 3987 suerat
1037 3915 1089 3988 sic
1119 3931 1340 3987 contractus.

313 4043 395 4112 174.
427 4022 547 4096 Multa
575 4022 708 4096 similia
737 4023 910 4095 virtutum
946 4023 1065 4119 signa,
1097 4022 1186 4093 dum
1223 4023 1344 4095 adhuc

228 4127 263 4201 in
294 4155 404 4203 carne
433 4128 585 4213 viveret,
615 4148 793 4227 operatus
817 4129 893 4200 luit.
950 4129 1080 4225 ltaque
1107 4153 1176 4226 per
1203 4130 1344 4224 episco-

158 4260 195 4326 35
229 4252 356 4332 patum
376 4236 575 4310 Reatinum
597 4237 823 4333 quandoque
842 4236 1036 4317 transiens,
1068 4236 1115 4308 ad
1145 4236 1345 4331 quamdam

300 4496 342 4549 30.
363 4482 386 4533 A
398 4482 419 4534 B
438 4498 487 4533 om.
507 4483 564 4534 eius
