3142 4875
649 360 754 410 nuum
782 360 967 410 ranucisci
1295 359 1366 427 149

1100 468 1365 479 ———.

247 595 409 691 quidam,
434 594 584 668 nomine
604 594 857 679 Bonushomo,
881 591 944 690 qui
963 619 986 666 a
1005 592 1160 667 medicis
1184 593 1367 667 universis

246 701 456 776 habebatur
483 699 709 799 paralyticus
738 717 776 774 et
803 699 983 798 leprosus,
1006 699 1260 797 aparentibus
1292 699 1368 773 suis

246 809 359 881 beato
388 808 589 881 Francisco
618 809 755 882 devote
791 806 950 891 oblatus,
986 807 1187 881 mundatus
1214 832 1237 881 a
1264 808 1368 905 lepra

246 930 284 987 et
312 915 478 1014 effugato
508 916 638 988 morbo
666 913 858 1011 paralysis
890 915 1038 1012 plenam
1068 930 1291 988 consecutus
1310 929 1368 987 est

194 1050 213 1114 5
245 1037 454 1095 sanitatem.

673 1210 939 1218 ———

322 1444 382 1516 Do
409 1444 525 1515 mutas
553 1440 783 1538 loquentibus
810 1451 845 1512 et
870 1442 1001 1512 surdis
1029 1439 1279 1513 audientibus.

332 1675 415 1746 147.
445 1656 478 1727 I.
510 1654 625 1751 Apud
658 1653 834 1727 Castrum
871 1652 994 1725 Plebis
1021 1677 1115 1750 puer
1150 1678 1246 1726 unus
1284 1671 1365 1727 erat

246 1761 485 1859 pauperimus
513 1777 552 1833 et
572 1758 776 1839 mendicus,
799 1757 861 1855 qui
877 1784 925 1832 ex
940 1774 1020 1831 toto
1034 1759 1170 1832 surdus
1183 1774 1222 1833 et
1240 1776 1365 1834 mutus

246 1885 326 1941 erat
353 1893 376 1940 a
400 1868 592 1941 nativitate
612 1891 689 1940 sua.
748 1866 926 1938 Habebat
945 1891 1106 1962 namque
1126 1864 1293 1964 linguam
1313 1865 1365 1940 ita

174 1994 216 2039 10
245 1974 502 2048 brevissimam
522 1991 636 2070 atque
655 1990 798 2046 curtam
828 1973 929 2068 quod
949 1971 1138 2045 multoties
1157 1997 1180 2045 a
1199 1972 1365 2070 pluribus

244 2081 440 2179 exquisita.
472 2080 587 2155 incisa
615 2079 764 2178 penitus
792 2079 992 2152 videretur.
1050 2078 1144 2152 Sero
1164 2104 1254 2152 vero
1275 2104 1364 2176 quo·

245 2188 331 2262 dam
360 2188 517 2262 accessit
545 2188 593 2260 ad
621 2188 774 2260 domum
805 2186 996 2258 cuiusdam
1027 2187 1093 2258 viri
1123 2186 1290 2259 eiusdem
1306 2212 1363 2259 ca·

245 2295 319 2379 stri,
351 2295 414 2391 qui
444 2295 594 2367 Marcus
631 2293 847 2376 vocabatur,
882 2318 950 2388 per
981 2292 1141 2391 signum,
1175 2310 1214 2365 ut
1242 2292 1363 2367 solent

245 2402 347 2486 muti,
369 2403 417 2477 ab
430 2427 475 2476 eo
490 2418 623 2499 petens
638 2399 851 2499 hospitium.
910 2400 1104 2474 lnclinavit
1131 2400 1231 2474 enim
1251 2416 1364 2499 caput

175 2529 213 2594 15
243 2535 291 2583 ex
320 2510 435 2583 latere
466 2507 638 2582 maxillae
670 2532 889 2605 supponens
927 2531 1087 2591 manunt,
1120 2523 1160 2579 ut
1195 2534 1262 2605 per
1290 2509 1362 2581 hoc

245 2616 514 2714 intelligeretur
551 2617 651 2711 quod
691 2631 801 2687 nocte
829 2614 890 2687 illa
917 2614 1156 2688 desiderabat
1184 2614 1362 2713 hospitari

244 2749 328 2796 cum
357 2747 413 2796 eo.
486 2721 552 2795 Vir
580 2738 705 2795 autem
736 2721 795 2794 ille
825 2720 989 2794 hilariter
1017 2720 1181 2819 suscepit
1209 2746 1296 2795 eum
1325 2722 1362 2795 in

244 2829 357 2904 domo
385 2855 453 2903 sua
480 2847 519 2902 et
546 2828 705 2902 libenter
733 2829 853 2901 tenuit
880 2854 966 2900 cum
986 2853 1124 2911 secum,
1149 2828 1236 2924 quia
1264 2853 1363 2901 com·

244 2952 416 3033 petenter
444 2952 600 3008 noverat
628 2935 797 3008 famulari
835 2933 979 3008 iuvenis
1013 2934 1083 3007 ille.
1154 2935 1283 3008 Bonae
1312 2934 1363 3008 in·

170 3056 215 3105 20
243 3042 338 3116 dolis
366 3059 446 3116 erat
474 3068 577 3140 puer.
600 3042 686 3139 quia
714 3043 802 3114 licet
829 3042 963 3114 surdus
991 3059 1029 3115 et
1058 3057 1181 3114 mutus
1210 3059 1310 3115 esset
1340 3067 1362 3115 a

244 3149 447 3232 cunabulis,
470 3176 537 3247 per
565 3150 714 3247 signum
734 3163 860 3222 tamen
881 3173 1053 3245 quaeque
1075 3164 1230 3222 noverat
1249 3148 1363 3247 impe·

245 3274 333 3331 rata.
392 3257 589 3330 Coenante
615 3255 696 3328 viro
724 3254 917 3353 praedicto
947 3271 1057 3328 nocte
1085 3257 1247 3352 quadam
1277 3248 1361 3328 cum

244 3389 360 3437 uxore
389 3389 466 3447 sua,
490 3379 528 3435 et
556 3364 728 3436 adstante
757 3388 874 3459 puero
903 3388 1028 3435 coram
1057 3361 1122 3446 eis,
1144 3362 1239 3434 dixit
1254 3364 1361 3435 uxori

242 3496 347 3544 suae:
380 3470 464 3543 Hoc
493 3495 567 3568 ego
597 3469 798 3543 maximum
829 3468 1045 3542 miraculum
1075 3484 1298 3566 reputarem,
1329 3470 1360 3542 si

169 3589 212 3657 25
242 3577 374 3651 beatus
417 3576 637 3650 Franciscus
679 3576 764 3648 huic
807 3576 974 3649 auditum
1016 3576 1190 3649 redderet
1231 3591 1269 3649 et
1310 3576 1360 3647 lo-

241 3685 401 3780 quelam.

313 3956 334 4004 3.
347 3938 466 4006 oblatus]
481 3938 525 3991 As
540 3935 651 3990 offertur
722 3953 747 4001 4.
763 3938 844 3990 Pom.
859 3948 899 3988 est
971 3934 996 3988 6.
1010 3937 1039 3989 H
1051 3953 1099 3988 om.
1113 3934 1181 3987 De·
1193 3934 1361 3989 audientibus

241 4020 276 4074 Os
295 4019 336 4072 De
355 4018 437 4071 mutis
456 4032 482 4070 ct
501 4017 587 4070 surdis
607 4017 780 4087 loquentibus
800 4029 827 4069 et
845 4016 1014 4069 audientibus
1123 4031 1148 4083 7.
1170 4015 1189 4066 t
1209 4012 1359 4068 Castellum

239 4099 306 4152 8.H
317 4099 458 4168 pauperior
509 4097 662 4166 Otom.qui
736 4096 919 4166 9.Lom.sua
973 4095 1020 4149 AS
1035 4094 1360 4163 Habebatqueetom.ita

243 4192 282 4232 10.
301 4178 345 4231 AS
362 4194 431 4247 quae
508 4192 546 4245 13·
569 4176 603 4230 Os
622 4175 758 4229 dicebatur
835 4175 1079 4241 14.A50m.enim
1156 4174 1360 4246 15.Rpouens

244 4257 433 4311 16.Hom.illa
470 4255 652 4324 desiderabat]
666 4255 790 4310 Osvellet
860 4256 1042 4325 17.Erecepit
1079 4254 1194 4309 Hillum
1266 4271 1304 4326 19·
1316 4257 1362 4311 AS

240 4354 289 4390 om.
308 4350 420 4391 noverat
438 4345 461 4391 ct
479 4337 523 4406 leg.
543 4335 721 4390 famulabatur
778 4337 813 4390 Os
826 4354 875 4389 om.
888 4335 991 4389 iuvenis
1005 4335 1050 4388 ille
1105 4335 1165 4400 AS,
1182 4337 1217 4391 05
1232 4348 1259 4390 et
1271 4336 1360 4389 bonae

242 4431 282 4471 21.
301 4417 349 4471 AS
365 4432 472 4488 quoque
546 4429 641 4470 21·22.
659 4416 693 4470 Os
711 4416 854 4485 impetrata
927 4417 1012 4470 225
1030 4416 1116 4471 Coeo.
1137 4433 1201 4469 vero
1220 4416 1278 4469 viro
