3142 4875
588 375 680 423 ΒΕΑΤ
682 376 694 423 Ι
722 376 908 425 FRANCISCI
945 407 949 416 κ

188 485 247 492 -—-
301 486 473 492 *affl
491 487 777 494 -.--.-—.-——----.

186 743 246 814 Da
274 743 455 814 desideria
487 744 588 840 [qua]
618 744 672 815 aa'
694 744 969 838 suscipzana'am
999 746 1227 841 martyriam
1250 747 1310 841 fa·

196 941 201 950 ,
268 859 430 940 rebatur,
460 860 697 954 Hispaniam
725 848 866 955 irrata,
904 860 1034 932 deinde
1069 861 1226 956 Syriam
1253 864 1309 933 αἰ·

266 973 489 1056 ambulans,
517 985 551 1046 at
577 976 750 1070 quomado
777 976 883 1046 Deus
905 986 977 1070 per
992 1002 1074 1047 aum
1104 987 1240 1048 nautas
1267 978 1310 1048 a'a

257 1090 438 1185 pericula,
475 1090 739 1186 multiplicatis
774 1091 941 1173 cibariis,
977 1092 1161 1163 liberavit.
1219 1092 1306 1163 XX.

142 1336 158 1400 5
271 1325 329 1395 55.
369 1304 514 1376 Amore
555 1303 681 1377 divino
724 1304 897 1387 fervens·
928 1304 1163 1378 beatissimus
1204 1322 1311 1402 pater

187 1409 409 1483 Franciscus
429 1412 604 1484 studebat
623 1436 773 1508 semper
788 1411 836 1483 ad
852 1411 960 1485 sortia
979 1412 1126 1485 mittere
1146 1436 1308 1495 manum,

187 1533 224 1589 et
252 1516 408 1590 dilatato
436 1518 550 1590 corde
577 1518 674 1590 viam
709 1519 970 1591 mandatorum
1001 1519 1074 1591 Dei
1102 1519 1309 1604 ambulans,

187 1623 427 1722 perfectionis
442 1649 625 1697 summam
642 1624 829 1722 attingere
845 1624 1030 1723 cupiebat.
1078 1625 1195 1698 Sexto
1211 1651 1312 1698 nam-

186 1756 261 1827 que
289 1730 543 1805 conversionis
571 1757 662 1804 suae
690 1757 800 1816 ann0,
824 1732 917 1805 sacri
938 1733 1103 1827 martyrii
1124 1732 1310 1806 desiderio

125 1864 159 1910 ιο
187 1837 350 1911 maxime
376 1837 538 1936 flagrans
559 1839 606 1911 ad
626 1838 917 1936 praedicandam
939 1840 1050 1911 fidem
1071 1838 1309 1912 christianam

185 1962 223 2017 et
252 1945 521 2040 poenitentiam
551 1944 748 2018 Saracenis
776 1965 815 2018 et
843 1946 1000 2019 caeteris
1021 1945 1240 2043 infidelibus,
1263 1946 1311 2018 ad

186 2068 314 2148 partes
342 2052 473 2148 Syriae
500 2053 618 2125 voluit
646 2054 897 2125 transfretare.
957 2052 1031 2146 Qui
1061 2077 1145 2124 cum
1176 2077 1309 2125 navem

187 2160 399 2255 quamdam,
432 2176 472 2232 ut
500 2158 584 2231 illuc
613 2161 796 2242 tenderet,
827 2157 1047 2240 intravisset,
1076 2158 1197 2231 ventis
1226 2184 1310 2231 con·

186 2265 309 2338 trariis
337 2265 511 2338 flantibus
539 2265 574 2338 in
596 2266 763 2363 partibus
793 2265 1011 2339 Sclavoniae
1040 2292 1124 2338 cum
1154 2265 1311 2338 caeteris

125 2399 157 2464 ¹5
188 2370 450 2471 navigantibus
487 2398 528 2447 se
563 2372 714 2447 invenit.
773 2372 917 2445 Videns
951 2389 1075 2446 autem
1112 2376 1150 2469 [a
1187 2376 1308 2471 tanto]

186 2479 374 2552 desiderio
411 2506 451 2553 se
488 2481 708 2564 fraudatum,
741 2482 839 2553 sacto
876 2479 1024 2553 modico
1052 2479 1231 2577 temporis
1260 2480 1311 2553 in·

186 2585 353 2671 tervallo,
394 2604 526 2660 nautas
564 2589 745 2684 quosdam
783 2588 982 2659 Anconam
1022 2589 1229 2667 tendentes.
1271 2605 1310 2660 ut

187 2719 273 2766 eum
303 2719 429 2767 secum
450 2695 630 2767 ducerent
650 2693 827 2776 exoravit,
851 2692 1027 2790 quoniam
1051 2698 1130 2792 [eo]
1154 2695 1189 2766 in
1209 2720 1309 2769 anno

185 2799 250 2872 vix
279 2799 351 2872 ulla
389 2800 492 2873 navis
527 2799 655 2898 potuit
675 2802 722 2873 ad
752 2820 878 2897 partes
906 2800 1037 2895 Syriae
1067 2819 1306 2874 transmeare.

80 2908 88 2927 ‘
120 2933 158 2980 20
185 2906 328 2979 Verum
373 2906 476 3004 [illis]
516 2904 586 2980 hoc
627 2934 742 3005 agere
784 2906 1010 3005 pertinacius
1052 2908 1310 2981 recusantibus

106 3098 116 3121 .
186 3030 340 3109 propter
359 3039 607 3110 expensarum
629 3016 826 3098 desectum,
845 3031 995 3087 sanctus
1015 3014 1099 3098 Dei,
1118 3014 1310 3088 confidens

186 3119 385 3217 plurimum
415 3122 461 3194 de
491 3120 644 3194 Domini
674 3122 851 3205 bonitate,
876 3146 1009 3193 navem
1038 3122 1197 3194 latenter
1225 3148 1309 3194 cum

186 3227 292 3323 socio
318 3225 492 3300 introivit.
549 3228 681 3301 Adfuit
709 3228 836 3299 divina
864 3226 1098 3325 providentia
1127 3245 1214 3301 tunc
1234 3229 1310 3324 qui-

187 3333 286 3420 dam,
308 3336 482 3408 omnibus
512 3335 780 3433 ignorantibus,
803 3360 929 3407 secum
961 3335 1171 3407 necessaria
1191 3336 1310 3408 victus

120 3465 157 3531 25
187 3442 320 3526 serens,
353 3441 415 3539 qui
451 3444 652 3540 quemdam
691 3442 816 3514 Deum
850 3443 1043 3514 timentem
1072 3441 1120 3514 de
1150 3443 1233 3514 navi
1262 3442 1310 3514 ad

100 3578 107 3583 ·
187 3549 395 3622 sevocavit
423 3566 461 3622 et
489 3550 540 3623 ait
568 3549 615 3621 ad
645 3574 750 3621 eum:
781 3547 889 3621 Tolle
910 3565 1033 3620 tecum
1054 3549 1146 3621 haec
1171 3547 1306 3631 omnia,

187 3672 224 3728 et
262 3657 488 3753 pauperibus
518 3654 588 3728 hiis
616 3657 652 3728 in
691 3656 773 3731 navi
811 3654 1040 3728 latitantibus
1078 3655 1309 3727 necessitatis

263 3877 382 3930 1.Bom.
398 3891 452 3947 quo
528 3891 584 3929 1-2.
602 3877 631 3929 il
645 3875 765 3929 fervebat
839 3875 1015 3939 2.()s,Pom
1042 3874 1129 3942 primo
1185 3874 1307 3945 Syriam]

189 3956 333 4010 Psursum
407 3973 429 4025 5.
451 3957 486 4011 Os
504 3974 553 4009 om.
573 3968 648 4026 pater
720 3953 744 4008 6.
764 3955 795 4007 H
810 3955 937 4007 tendebat
990 3954 1035 4007 As
1052 3951 1163 4007 fortiora
1237 3970 1262 4023 7.
1281 3954 1312 4006 H

187 4035 365 4089 deambulans
444 4052 485 4091 10.
506 4037 541 4091 Os
561 4050 686 4090 aestuans
768 4051 809 4100 15.
829 4034 877 4087 As
894 4051 955 4086 nav.
976 4034 1110 4086 invenitur
1165 4035 1307 4087 Battento

191 4113 273 4169 ma
284 4116 393 4169 modico
405 4115 613 4188 temporelacto
627 4118 663 4169 in.
723 4115 852 4185 17.Pom.
867 4115 1012 4166 Anconam
1072 4114 1151 4167 tull
1160 4114 1310 4167 exhortavit

188 4196 322 4249 Bom.eo
383 4198 418 4252 Os
433 4197 460 4250 in
478 4197 573 4251 eodem
650 4214 687 4267 19.
704 4196 763 4259 AS,
783 4197 819 4260 E,
838 4196 881 4257 M,
900 4194 941 4247 (lx
956 4195 1000 4245 vix
1017 4194 1059 4246 illa
1106 4196 1310 4248 Oxom.navis

190 4278 273 4332 Rom.
290 4277 323 4329 ad
338 4291 403 4348 part.
418 4278 513 4347 Syriae
586 4277 724 4331 maille
799 4289 841 4328 22.
856 4275 888 4327 M
898 4292 947 4331 om,
960 4274 1105 4344 plurimum
1180 4277 1308 4343 23.tunc]

191 4357 309 4409 Osnam
343 4372 462 4427 ·a3-24.
485 4356 595 4421 aaa
613 4356 721 4427 quidem
785 4370 826 4420 24.
849 4353 949 4423 victus]
972 4355 1000 4407 H
1021 4355 1091 4408 vitae
1152 4354 1312 4422 25-26.As

188 4437 238 4492 Dei
251 4446 274 4492 et
285 4456 334 4493 om.
348 4440 380 4493 ad
394 4454 424 4492 se
497 4454 538 4507 27,
556 4437 760 4508 Ppauperibus]
777 4434 901 4488 fratribus
938 4435 983 4489 As
997 4453 1045 4489 oin.
1059 4435 1110 4488 hiis
1124 4436 1151 4488 in
1167 4453 1193 4489 n.
1208 4436 1273 4489 latit.
