3142 4875
606 411 710 460 BEATI
740 410 925 459 FRANCISCI
1278 405 1324 479 53

690 523 703 527 -
713 520 1324 528 ———-—----—-—-—————-—-—-——

201 645 407 741 desperant
436 644 471 717 in
497 646 605 717 terris
624 646 719 717 ultra
739 644 792 716 tui
811 643 969 717 similem
990 644 1166 717 invenire.
1224 645 1323 729 luva,

202 777 443 848 quaesumus,
461 751 726 828 intercessione
742 777 838 848 quos
856 752 1055 824 obvolutos
1075 752 1195 824 cernis
1215 752 1327 824 noxia

193 857 286 944 ‚labe
314 858 471 956 peccati.
530 858 626 931 Cum
654 882 758 930 esses
788 858 969 930 omnium·
987 857 1167 931 iustorum
1195 857 1325 954 spiritu

203 963 276 1037 iam
306 967 481 1062 repletus,
504 966 626 1037 futura
655 964 878 1062 praevidens
901 982 939 1037 et
959 965 1171 1061 praesentia
1189 966 1321 1061 sciens,

152 1098 170 1163 5
203 1088 242 1144 ut
270 1098 421 1146 omnem
461 1071 672 1144 iactantiam
702 1073 863 1169 sugeres,
895 1089 1046 1144 sanctae
1081 1070 1325 1169 simplicitatis

201 1204 354 1276 semper
391 1177 593 1276 imaginem
630 1179 880 1277 praeferebas
938 1176 1014 1250 Sed
1050 1179 1098 1250 ad
1133 1179 1325 1277 superiora

200 1311 447 1369 recurramus
479 1279 654 1358 historiae
684 1285 854 1358 ordinem
884 1283 1126 1381 requirentes

631 1498 896 1506 ——-——-—-—-—.—

254 1730 315 1800 De
342 1728 506 1799 custodia
533 1752 607 1823 qua
635 1737 748 1820 super
759 1728 911 1821 fratres
944 1728 1138 1825 vegrz'labat,
1167 1730 1270 1802 etde

309 1853 511 1938 contemptu
539 1835 614 1933 lui,
642 1853 676 1914 et
703 1868 789 1914 veru
818 1843 1044 1916 humilitate.
1110 1844 1213 1916 XIX.

129 2077 169 2122 10
209 2128 211 2132 ,
286 2068 344 2148 51.
378 2057 565 2129 Reversus
594 2074 651 2129 est
671 2057 726 2128 vir
745 2056 982 2129 beatissimus
1006 2059 1228 2131 Franciscus
1247 2084 1325 2132 cor·

201 2164 379 2261 poraliter
407 2164 454 2236 ad
483 2165 614 2236 fratres
643 2189 741 2249 suos,
763 2189 786 2235 a
815 2165 960 2260 quibus,
982 2162 1076 2237 sicut
1095 2164 1234 2237 dictum
1255 2181 1323 2251 est,

201 2296 392 2366 nunquam
430 2269 667 2366 spiritualiter
696 2272 907 2343 recedebat.
940 2271 1061 2344 Cauta
1089 2289 1127 2344 et
1155 2272 1324 2370 diligenti

202 2377 479 2451 examinatione
508 2378 672 2451 omnium
703 2394 787 2452 acta
806 2378 1037 2476 perquirens
1062 2378 1156 2452 felici
1176 2404 1325 2477 semper
1346 2470 1349 2475 ι

202 2485 414 2558 curiositate
443 2484 479 2557 in
505 2485 666 2564 subditis
694 2486 892 2568 ferebatur,
921 2485 1009 2559 nihil
1037 2486 1189 2582 impune
1218 2487 1324 2559 relin-

131 2613 169 2676 15
201 2618 331 2689 quens,
362 2592 391 2665 si
420 2592 510 2689 quid
540 2591 661 2666 minus
689 2593 780 2665 recti
809 2593 1109 2689 deprehenderet
1136 2611 1324 2691 perpetra-

200 2716 291 2771 tum.
349 2700 398 2772 Et
426 2700 546 2795 primo
571 2700 726 2796 ,quidem
747 2700 950 2795 spiritualia
970 2700 1058 2772 vitia
1084 2700 1321 2787 decernebat,

202 2805 339 2879 deinde
354 2806 584 2878 diiudicabat
613 2807 829 2902 corporalia,
853 2808 900 2879 ad
924 2806 1092 2880 ultimum
1113 2808 1324 2904 exstirpans

202 2913 419 2986 occasiones
448 2937 588 2995 omnes,
608 2939 705 3010 quae
733 2914 899 3010 peccatis
928 2912 1048 2986 solent
1068 2914 1209 2987 aditum
1237 2941 1322 3011 ape·

202 3018 284 3092 rire.
342 3022 401 3093 De
421 3021 660 3116 paupertatis
687 3021 861 3092 custodia.
921 3020 1035 3115 Omni
1064 3021 1198 3104 studi0,
1221 3021 1322 3093 omni

129 3169 174 3217 20
204 3125 448 3199 sollicitudine
486 3127 720 3200 custodiebat
757 3143 923 3203 sanctam
964 3143 1001 3199 et
1037 3127 1200 3201 divinam
1237 3154 1324 3224 pau·

204 3250 395 3328 pertatem,
429 3259 502 3305 non
532 3234 688 3329 patiens,
722 3259 768 3306 ne
798 3236 949 3330 quando
968 3234 1016 3307 ad
1037 3234 1224 3331 superflua
1244 3260 1323 3331 per-

202 3340 357 3426 veniret,
379 3366 448 3413 nec
468 3341 658 3413 vasculum
680 3341 715 3413 in
736 3341 850 3412 domo
870 3341 1021 3437 aliquod
1041 3342 1215 3426 residere,
1238 3368 1323 3414 curn

204 3447 282 3520 sine
318 3447 439 3550 ipsum
477 3463 678 3543 utcumque
715 3463 843 3544 posset
871 3464 1062 3520 extremae
1091 3447 1324 3521 necessitatis

276 3674 297 3712 1.
312 3660 347 3711 05
360 3676 409 3711 om.
423 3657 492 3710 ultra
567 3673 590 3710 2.
606 3654 653 3709 As
666 3674 714 3709 om.
731 3672 895 3726 quaesumus
911 3664 933 3709 et
948 3656 993 3723 leg.
1009 3668 1054 3707 tua
1071 3656 1118 3709 int.
1168 3657 1322 3725 obvolutos]

205 3739 401 3793 Osobnocivos
493 3755 515 3808 3.
536 3737 583 3790 AS
599 3738 714 3790 omnino
804 3751 829 3802 4.
845 3736 893 3790 As
907 3749 932 3789 et
949 3752 1038 3805 praev.
1132 3753 1153 3802 5.
1172 3736 1324 3806 ,tlsugiens

203 3835 226 3888 7.
243 3819 419 3890 requirentes]
435 3819 483 3871 AS
497 3824 699 3890 percurrentem
716 3818 740 3870 E
754 3831 937 3877 resumentes;
958 3818 992 3871 0.-
1009 3816 1169 3888 requirendo
1242 3817 1266 3869 8.
1289 3818 1323 3871 Os

202 3915 259 3969 sup.
275 3915 370 3953 omnes
386 3901 439 3970 vig.
533 3913 572 3967 10.
588 3897 636 3952 As
650 3896 800 3967 Regressus
815 3905 837 3950 et
852 3914 901 3949 om.
918 3898 1076 3950 franciscus
1130 3896 1182 3965 vir]
1201 3896 1231 3949 H
1244 3896 1324 3964 igitur

206 3994 243 4033 11.
258 3980 293 4033 Os
308 3997 357 4034 om.
376 3995 441 4032 suos
517 3994 556 4032 12.
573 3978 659 4031 Cauta
675 3977 713 4046 et]
730 3977 776 4031 As
790 3991 863 4029 tanta
879 3996 910 4030 ex
917 3996 925 4039 ;
943 3976 964 4029 R
981 3989 1073 4029 sancta
1089 3989 1116 4028 et
1192 3992 1229 4043 13-
1247 3977 1280 4030 M
1291 3993 1323 4029 ex

201 4057 377 4113 admiratione
468 4073 559 4127 13-15.
582 4058 601 4110 R
621 4076 670 4111 om.
690 4056 955 4127 felici-relinquens
1049 4072 1088 4124 15.
1108 4056 1130 4108 si
1150 4057 1213 4126 quid
1234 4058 1324 4110 minus

201 4139 276 4209 recti]
292 4140 336 4195 As
350 4140 419 4193 sicut
435 4139 521 4209 magis
535 4151 561 4191 et
574 4139 664 4191 minus
680 4137 762 4207 recipi
817 4138 834 4189 x
853 4135 1098 4206 comprehenderet
1174 4152 1213 4205 17.
1228 4136 1324 4188 diludi-

202 4219 289 4289 cabat]
308 4219 357 4276 As
370 4220 523 4275 eradicabat
599 4234 694 4290 19·20.
716 4219 751 4272 Os
770 4219 840 4271 stud.
861 4232 886 4270 et
906 4217 964 4269 soll.
1039 4231 1080 4269 20.
1101 4217 1138 4278 E,
1159 4217 1200 4281 H,
1222 4216 1268 4282 M,
1289 4216 1324 4282 P,

203 4298 238 4364 R,
259 4302 293 4355 W
308 4313 335 4354 et
353 4301 494 4354 dominam
577 4314 672 4353 20-21.
692 4299 738 4351 AS
753 4310 838 4351 sanct.
857 4314 937 4368 paup.
957 4311 983 4349 er
1001 4296 1143 4349 dominam
1228 4313 1270 4350 21.
1289 4313 1325 4349 ne

202 4381 321 4451 quando]
348 4380 383 4433 W
397 4393 426 4433 ut
446 4379 591 4452 aliquando
683 4394 776 4432 21·22.
798 4378 841 4432 As
860 4378 1030 4448 pervenirent
1128 4392 1170 4430 22.
1193 4376 1212 4430 R
1234 4378 1325 4447 aliqua

202 4472 243 4527 23.
258 4461 302 4515 As
317 4462 375 4515 sine
392 4473 503 4531 utraque
518 4476 577 4530 pos.
