3142 4875
611 373 717 422 ΒΕΑΤΙ
746 374 932 422 FRANCISCI
1256 371 1326 441 391

210 483 331 491 Ἣ
343 483 390 488 -..-
420 483 478 488 -—-
510 483 848 489 ———---——————-—-
857 479 1329 489 -—-.—.—.——-—n-—.—

209 605 355 677 Romae
384 620 515 702 captus
542 620 601 677 est
628 604 723 677 inter
751 631 828 678 eos.
887 604 998 676 Hunc
1031 603 1205 677 dominus
1230 606 1331 702 Papa

208 711 416 808 Gregorius
444 712 492 784 ad
512 712 797 784 custodiendum
818 710 969 784 tradidit
990 708 1179 807 Episcopo
1197 710 1329 785 Tibur·

206 818 296 890 tino.
356 819 479 911 Quem
509 819 578 891 sub
608 843 730 914 poena
762 817 818 890 sui
852 817 1090 916 episcopatus
1128 818 1327 915 accipiens,

208 950 292 997 cum
321 924 565 1021 compedibus
593 923 768 1023 alligavit.
828 923 968 998 Verum
998 924 1085 1019 quia
1111 924 1329 1022 simplicitas

159 1058 175 1121 5
208 1031 289 1103 eius
331 1030 582 1105 innocentiam
628 1032 909 1128 praetendebat,
955 1029 1090 1103 mitiori
1137 1031 1329 1106 custodiae

208 1138 318 1210 datus
336 1153 426 1211 erat.
487 1137 656 1232 Quidam
671 1138 815 1212 nobiles
839 1137 1008 1220 civitatis,
1032 1156 1072 1210 ut
1092 1138 1216 1222 fertur,
1239 1165 1330 1235 poe·

209 1269 303 1327 nam,
328 1269 348 1316 a
369 1244 521 1317 domino
545 1245 647 1341 Papa
675 1244 861 1328 indictam,
887 1243 1114 1342 Episcopum
1136 1244 1326 1320 incurrere

207 1350 410 1448 cupientes,
435 1369 589 1448 propter
626 1352 872 1425 inveteratum
910 1351 1037 1425 odium
1073 1369 1203 1425 contra
1231 1379 1327 1437 eum,

207 1457 365 1531 latenter
393 1458 492 1531 dicto
521 1459 631 1532 Petro
660 1459 827 1556 fugiendi
848 1458 1046 1535 consilium
1071 1479 1328 1556 porrexerunt.

137 1591 178 1638 10
207 1565 354 1658 Quibus
373 1565 454 1662 ipse
471 1565 688 1645 assentiens,
713 1582 822 1638 nocte
838 1567 998 1662 quadam
1024 1567 1199 1650 evadens,
1215 1567 1329 1665 longe

206 1673 280 1744 cito
308 1672 414 1770 sugit.
473 1672 560 1766 Quo
580 1690 784 1768 comperto,
807 1672 1018 1771 Episcopus
1042 1675 1207 1772 graviter
1226 1674 1326 1759 tulit;

204 1793 242 1850 et
257 1803 417 1874 poenam
433 1779 590 1875 pavidus
613 1795 847 1876 exspectans
862 1806 934 1853 non
955 1780 1077 1854 minus
1096 1779 1328 1855 inimicorum

206 1885 398 1981 impletum
427 1885 651 1958 desiderium
672 1885 799 1958 doluit.
852 1886 1070 1984 Diligenter
1090 1887 1246 1983 proinde
1269 1914 1328 1960 cu·

204 2017 283 2064 ram
304 1991 482 2076 adhibuit,
505 2009 543 2065 et
561 1992 851 2090 circumquaque
872 1993 993 2067 missis
1011 1994 1324 2091 exploratoribus

136 2127 173 2192 15
204 2096 306 2170 illum
336 2097 510 2171 miserum
530 2098 775 2183 reinveniens,
797 2099 900 2172 velut
918 2100 1107 2199 ingratum
1132 2101 1326 2174 custodiae

204 2204 433 2278 arctissimae
453 2207 500 2277 de
520 2221 670 2279 caetero
704 2206 938 2303 mancipavit.
999 2208 1198 2281 Carcerem
1239 2208 1328 2281 lecit

205 2311 326 2408 parari
346 2313 556 2392 obscurum,
580 2312 693 2385 muris
709 2313 865 2385 sortibus
885 2314 1165 2387 circumdatum.
1225 2315 1326 2387 Intus

204 2445 294 2492 vero
331 2419 466 2492 tabulis
502 2420 645 2518 grossis
682 2446 767 2493 eum
807 2419 893 2493 fecit
926 2422 1116 2519 compingi
1146 2438 1183 2494 et
1212 2421 1326 2494 clavis

205 2527 334 2599 ferreis
372 2525 548 2623 colligari.
608 2528 647 2599 In
677 2528 922 2624 compedibus
961 2528 1089 2601 ferreis
1128 2526 1324 2601 multarum

132 2662 175 2707 20
204 2632 379 2706 librarum
412 2633 580 2731 pondere
617 2633 795 2732 gravibus
833 2633 932 2706 illum
974 2635 1082 2720 misit,
1122 2635 1260 2707 victum
1291 2636 1323 2708 ei

204 2741 388 2836 praebens
417 2740 454 2813 in
483 2743 650 2837 pondere
677 2757 715 2814 et
744 2741 919 2838 poculum
948 2743 983 2814 in
1015 2767 1222 2817 mensura..

285 2848 360 2919 lam
390 2847 490 2920 omni
520 2873 586 2944 spe
615 2845 844 2922 liberationis
872 2848 941 2921 sibi
971 2849 1019 2921 de
1043 2864 1192 2922 caetero
1211 2849 1325 2923 inter-

204 2954 314 3032 clusa,
338 2952 424 3049 quia
443 2954 550 3026 Deus
569 2954 821 3029 innocentiam
842 2955 963 3052 perire
992 2980 1066 3029 noo
1082 2956 1229 3053 patitur,
1249 2957 1323 3053 pie-

204 3076 279 3133 tate
308 3085 375 3131 sua
404 3060 510 3133 Deus
538 3060 586 3133 illi
616 3060 690 3134 cito
718 3062 908 3135 succurrit.
965 3062 1102 3159 Coepit
1121 3062 1235 3136 homo
1265 3063 1324 3136 ille

133 3195 170 3258 25
204 3167 355 3239 beatum
385 3167 623 3240 Franciscum
653 3171 700 3240 ad
730 3168 785 3241 sui
815 3168 1066 3243 miserendum
1105 3170 1229 3242 multis
1264 3170 1325 3244 lle·

204 3273 302 3346 tibus
330 3290 368 3346 et
396 3274 568 3369 precibus
597 3274 782 3359 invocare,
814 3301 860 3349 eo
881 3277 980 3373 quod
1001 3276 1171 3349 audierat
1190 3277 1324 3349 solem·
1363 3345 1367 3352 .

205 3379 328 3454 nitatis
349 3379 428 3453 eius
464 3380 629 3479 vigiliam
667 3381 740 3455 iam
778 3383 921 3461 adesse.
976 3384 1107 3456 Fidem
1148 3408 1322 3480 magnam

205 3488 367 3559 babebat
404 3488 517 3561 homo
556 3487 614 3560 ille
644 3488 679 3561 in
715 3499 844 3562 sancto
882 3490 1092 3573 Francisc0,
1133 3490 1319 3585 quoniam,

205 3612 244 3666 ut
272 3594 405 3677 aiebat,
437 3594 646 3668 haereticos
674 3596 843 3670 audierat
872 3611 1000 3670 contra
1020 3596 1141 3692 ipsum
1170 3594 1321 3667 nimium

135 3732 175 3797 30
205 3700 421 3774 oblatrasse,
481 3702 645 3775 instante
660 3702 732 3775 iam
750 3719 861 3776 nocte
882 3728 971 3776 suae
991 3701 1211 3787 festivitatis,
1224 3703 1323 3775 circa

204 3809 472 3904 crepusculum,
505 3810 637 3881 beatus
665 3810 887 3882 Franciscus
925 3810 960 3881 in
999 3833 1186 3881 carcerem
1218 3808 1322 3881 mise·

203 3929 304 3988 ratus
333 3915 537 3999 descendit,
560 3933 598 3988 et
618 3915 718 3988 illum
748 3942 816 3990 suo
846 3915 996 3989 nomine
1015 3940 1165 3998 vocans
1189 3931 1228 3987 ut
1249 3916 1322 3987 cito

203 4036 375 4119 surgeret
394 4022 601 4118 imperavit.
659 4023 733 4117 Qui
754 4024 887 4095 timore
905 4021 1132 4121 perterritus
1150 4022 1320 4119 quisnam

203 4144 303 4200 esset
339 4128 585 4227 interrogans
626 4131 777 4203 beatum
811 4129 1051 4203 Franciscum
1088 4129 1222 4203 adesse
1260 4155 1322 4202 au·

275 4402 544 4471 4.cum]FAcum
611 4419 635 4471 7.
651 4403 697 4456 ΡΑ
714 4403 741 4455 in
758 4404 859 4456 dictum
928 4402 1152 4471 roFAlongius
1220 4405 1322 4470 13.FA

204 4481 372 4553 Diligentem
447 4498 488 4548 24.
509 4483 557 4536 ΡΑ
577 4482 715 4535 Dominus
790 4498 883 4551 3o·31.
905 4482 953 4535 ΡΑ
974 4485 1046 4535 circa
1066 4481 1117 4533 diei
1135 4483 1322 4551 crepusculum
