3142 4875
163 353 166 359 ·
243 327 315 395 144
638 330 810 378 urorum
838 284 949 377 mima

240 440 411 446 -.—-.—-»--
433 438 730 445 .-a-——n-——n—
740 436 772 444 ...-

324 585 406 653 140.
436 564 492 634 ll.
524 562 672 634 Iuvenis
699 562 862 657 quidam,
895 586 979 633 cum
1013 562 1049 633 in
1083 561 1246 658 quodam
1275 560 1360 635 loco

236 668 417 742 altissimo
447 686 663 753 moraretur,
695 695 743 740 ex
771 669 906 741 eodem
935 668 1018 740 loco
1038 694 1214 741 corruens
1234 669 1359 766 loque·

238 777 310 850 lam
339 794 377 847 et
405 774 531 847 omnia
560 776 813 847 membrorum
841 774 964 847 officia
992 775 1163 871 perdidit.
1221 776 1359 847 Tribus

238 909 389 980 quoque
418 883 550 954 diebus
580 907 653 954 nou
693 882 932 963 manducans,
965 908 1087 977 neque
1117 882 1259 965 bibens,
1290 907 1359 955 nec

236 990 376 1085 aliquid
405 988 580 1073 sentiens,
613 1004 781 1060 mortuus
814 988 1047 1061 credebatur.
1119 989 1242 1060 Mater
1269 1013 1359 1061 vero
1390 1017 1407 1080 5

237 1096 332 1169 illius
370 1096 553 1169 nullorum
590 1095 820 1166 medicorum
859 1094 1051 1189 requirens
1079 1094 1307 1192 suffragium,
1338 1121 1361 1168 a

169 1198 172 1203 ‘
238 1205 350 1275 beato
384 1201 583 1275 Francisco
621 1202 701 1274 eius
737 1200 902 1297 postulat
937 1202 1145 1274 sanitatem.
1213 1202 1261 1273 Et
1293 1202 1357 1282 sic,

237 1327 325 1382 voto
356 1308 462 1390 lacto
494 1309 618 1381 vivum
649 1333 735 1379 eum
764 1308 948 1404 recipiens
968 1324 1005 1379 et
1030 1308 1263 1388 incolumem,
1288 1308 1361 1380 lau-

238 1418 329 1489 dare
358 1416 481 1510 coepit
516 1414 826 1510 omnipotentiam
863 1414 1076 1486 Salvatoris
1143 1417 1221 1486 ΙΙΙ.
1253 1414 1361 1486 Alius

238 1522 401 1619 quidam,
426 1522 623 1593 Mancinus
653 1520 813 1604 nomine,
837 1520 1043 1593 infirmatus
1072 1522 1119 1592 ad
1144 1540 1303 1593 mortem
1324 1539 1361 1592 et
1394 1549 1437 1594 10

239 1630 287 1701 de
321 1628 538 1700 liberatione
568 1654 636 1700 sua
664 1626 813 1723 penitus
841 1627 889 1699 ab
922 1628 1095 1699 omnibus
1126 1628 1358 1724 desperatus,

239 1735 413 1807 invocato
448 1752 648 1830 utcumque
686 1732 836 1806 nomine
865 1734 965 1806 beati
1001 1735 1203 1818 Francisci,
1239 1734 1362 1807 subita

239 1843 397 1914 sanitate
431 1841 628 1913 convaluit.
704 1844 727 1912 l
739 1842 781 1913 V.
822 1841 918 1912 Puer
950 1842 1101 1937 quidam
1135 1843 1182 1913 de
1214 1840 1359 1924 Areti0,

239 1948 428 2022 Galterius
457 1947 617 2029 nomine,
640 1947 826 2019 continuis
855 1946 1019 2019 febribus
1048 1947 1220 2021 laborans
1240 1964 1277 2019 et
1297 1949 1361 2019 du·

238 2053 323 2151 plici
351 2070 585 2151 apostemate
614 2053 808 2135 cruciatus
840 2055 888 2125 ab
917 2054 1091 2126 omnibus
1118 2055 1272 2126 medicis
1300 2056 1360 2127 de·
1394 2080 1433 2144 15

238 2178 419 2257 speratus,
452 2179 541 2232 voto
580 2176 776 2256 parentum
809 2161 921 2232 beato
950 2160 1151 2233 Francisco
1179 2161 1358 2245 exhibito

239 2267 460 2364 concupitae
494 2268 685 2340 restitutus
718 2284 775 2339 est
812 2267 971 2338 sanitati.
1053 2268 1094 2339 V.
1126 2266 1234 2339 Alius
1271 2293 1361 2339 vero

239 2374 348 2446 morti
378 2368 619 2472 propinquus,
662 2375 757 2446 lacta
792 2373 956 2471 imagine
989 2400 1108 2454 cerea,
1144 2375 1361 2471 priusquam

239 2481 405 2576 perlecta
424 2499 534 2564 esset,
561 2482 609 2554 ab
638 2480 739 2553 omni
759 2481 934 2576 passione
956 2480 1198 2553 incontinenti
1220 2482 1362 2554 exstitit

199 2643 201 2647 »
239 2588 428 2658 liberatus.
1391 2613 1435 2658 20

328 2717 410 2782 141.
453 2695 517 2765 Vl.
549 2694 684 2766 Mulier
713 2695 899 2789 quaedam
928 2720 995 2791 per
1024 2693 1149 2791 plures
1177 2720 1295 2767 annos
1324 2695 1360 2767 in

241 2797 338 2872 lecto
369 2799 590 2873 infirmitatis
610 2826 699 2873 suae
720 2801 922 2886 decubans
945 2827 1013 2873 nec
1032 2827 1072 2873 se
1101 2801 1226 2897 aliquo
1249 2803 1361 2873 modo

240 2905 370 2977 valens
399 2908 550 2978 volvere
577 2907 636 2978 vel
665 2932 827 2989 movere,
860 2908 962 2979 vovit
995 2934 1034 2978 se
1070 2908 1154 2979 Deo
1184 2925 1221 2979 et
1250 2909 1362 2980 beato

241 3012 453 3098 FranciscO,
476 3031 514 3085 et
532 3014 579 3085 ab
595 3012 694 3085 omni
716 3013 872 3086 liberata
891 3014 1125 3110 aegritudine
1145 3014 1363 3110 adimplevit

243 3119 453 3191 necessaria
481 3120 603 3192 officia
626 3120 729 3192 'vitae
759 3145 860 3192 suae.
929 3122 1017 3193 Vll.
1041 3122 1080 3191 ln
1101 3121 1250 3192 civitate
1271 3121 1362 3194 Nar·
1393 3146 1433 3209 25

242 3226 361 3298 niensi
391 3225 522 3298 mulier
550 3228 735 3322 quaedam
765 3245 854 3310 erat,
891 3252 988 3323 quae
1025 3254 1092 3323 per
1128 3244 1215 3300 octo
1244 3253 1363 3301 annos

241 3358 393 3404 manum
422 3333 474 3405 sic
495 3332 624 3405 habuit
643 3333 880 3418 desiccatanr,
898 3335 1000 3430 quod
1021 3333 1108 3406 nihil
1130 3360 1213 3406 curn
1234 3360 1280 3406 ea
1299 3360 1362 3431 po-

240 3454 336 3512 terat
351 3440 509 3534 operari.
566 3439 739 3513 Tandem
760 3440 996 3513 beatissimus
1016 3456 1122 3537 pater
1142 3441 1363 3515 Franciscus

239 3572 307 3643 per
334 3546 517 3619 visionem
537 3546 710 3643 apparuit
738 3546 782 3630 ei,
806 3562 843 3619 et
872 3572 1024 3619 manum
1052 3549 1133 3620 eius
1153 3549 1364 3621 extendens

314 3756 324 3806 3
354 3740 373 3792 R
390 3737 515 3791 omnium
591 3755 612 3808 5.
628 3738 742 3810 aliquid]
758 3739 802 3792 As
815 3737 902 3799 alm,-
918 3738 1025 3791 Ealiud
1041 3739 1157 3809 aliquid;
1172 3741 1202 3792 H
1212 3739 1282 3792 aliud
1299 3741 1363 3811 quid

239 3819 270 3870 H
286 3832 342 3870 erat
361 3820 437 3888 quasi
463 3832 583 3871 mortuus
607 3828 628 3874 et
650 3838 699 3872 oni.
723 3819 881 3870 credebatur
990 3816 1013 3870 6.
1036 3820 1083 3881 Os,
1106 3820 1164 3883 Or,
1184 3821 1219 3883 P,
1242 3820 1261 3873 R
1282 3819 1365 3889 ipsius

242 3901 276 3952 (ls
296 3900 448 3969 requirebat
529 3916 554 3969 7.
575 3900 594 3952 L
614 3898 760 3970 postulavit
843 3899 865 3952 8.
885 3911 948 3951 voto
968 3897 1053 3967 sacto]
1074 3901 1097 3952 E
1116 3917 1218 3952 vovens
1275 3903 1295 3955 R
1315 3919 1364 3955 om.

240 3992 266 4032 et
279 3978 436 4032 incolumen
514 3996 552 4034 10.
566 3981 613 4034 As
625 3980 757 4032 Martinus
815 3979 848 4031 Os
867 3997 915 4031 orn.
936 3992 961 4030 ct
1039 3996 1077 4033 ιι.
1093 3980 1111 4030 R
1127 3997 1175 4032 our.
1190 3981 1222 4033 ab
1237 3981 1365 4034 omnibus

243 4060 431 4113 12.Rsantti
507 4076 546 4123 14.
566 4061 624 4125 As,
644 4061 681 4120 Ε,
705 4060 739 4112 Os
760 4057 1117 4116 Galterus;HGlalterlus
1194 4076 1230 4126 17,
1255 4061 1364 4113 Oxum.

239 4155 304 4190 vero
406 4157 438 4194 22
472 4143 506 4192 tls
526 4140 605 4202 loco;
626 4139 805 4193 Plectuloet
825 4140 867 4208 leg.
888 4141 1026 4192 occubans
1128 4156 1168 4206 23.
1190 4141 1235 4194 AS
1251 4159 1300 4194 om.
1320 4141 1364 4194 vel

241 4233 352 4288 movere
407 4220 430 4271 E
448 4231 543 4273 sancto
618 4236 659 4285 24.
679 4221 715 4283 E,
736 4219 766 4272 H
782 4236 831 4272 orn.
851 4232 878 4271 et
933 4221 977 4273 AS
999 4219 1110 4272 liberata
1130 4232 1170 4272 est
1192 4233 1218 4273 et
1242 4219 1366 4290 implevit

241 4296 265 4348 E
283 4309 309 4348 et
329 4296 450 4365 implevit
522 4315 565 4367 25.
586 4301 633 4363 0³,
656 4302 744 4354 Rom.
765 4296 855 4351 officia
930 4301 1025 4367 27-28.
1048 4301 1082 4352 Os
1098 4301 1186 4369 potuit
1259 4301 1299 4353 28.
1320 4300 1367 4354 AS

241 4373 334 4424 beatus
351 4382 372 4426 el
388 4393 436 4431 om.
453 4391 526 4447 pater
600 4395 641 4448 ²9·
658 4396 704 4448 per
720 4376 868 4446 visionem]
886 4379 909 4430 Ε
923 4378 949 4430 in
967 4380 1088 4443 visione;
1107 4382 1128 4435 R
1144 4399 1192 4435 ont.
