3142 4875
634 355 738 403 annm
767 355 951 404 rnnucrscr
1277 352 1350 423 357

232 586 384 660 Domini
414 585 655 682 compleatur.
712 586 767 658 At
795 584 877 659 illae
906 603 1084 683 tanquam
1109 586 1262 660 rationis
1295 612 1351 660 ca·

231 720 344 792 paces
359 692 482 765 subito
501 708 707 775 tacuerunt,
722 719 791 765 nec
813 710 937 766 motae
952 710 1037 765 sunt
1056 693 1213 776 deloco,
1231 694 1352 766 donec

232 801 298 873 luit
334 798 456 873 omnis
492 799 722 897 praedicatio
760 817 1029 872 consummata.
1106 800 1251 873 Omnes
1288 800 1350 897 qui

233 908 403 981 viderunt
432 923 586 1003 stupore
615 905 745 1003 repleti
775 906 1078 1004 glorificaverunt
1105 906 1241 979 Deum.

186 1042 199 1103 5
314 1039 373 1086 22.
405 1015 445 1086 ln
475 1014 624 1087 civitate
654 1013 845 1086 Parmensi
874 1011 1026 1098 scolaris
1055 1014 1207 1110 quidam
1228 1013 1350 1086 hirun-

232 1122 328 1194 dinis
356 1141 432 1194 tam
461 1120 673 1217 importuna
708 1120 926 1218 garrulitate
961 1120 1216 1214 infestabatur,
1247 1137 1286 1193 ut
1315 1121 1349 1192 in

232 1230 315 1302 loco
335 1228 404 1300 sibi
425 1229 472 1300 ad
492 1227 748 1322 meditandum
770 1226 982 1300 necessario
1002 1227 1152 1323 penitus
1171 1252 1254 1300 esse
1275 1253 1349 1299 non

232 1352 369 1433 posset.
429 1335 503 1429 Qui
520 1334 789 1431 aliquantulum
806 1350 929 1406 motus
943 1333 1068 1406 dicere
1084 1335 1226 1431 coepit:
1244 1333 1351 1407 Haec

232 1441 390 1514 hirundo
420 1466 494 1514 una
521 1442 570 1513 de
598 1440 667 1513 illis
696 1440 772 1526 fuit,
804 1466 912 1536 quae,
945 1458 983 1513 ut
1003 1440 1149 1538 legitur,
1181 1457 1350 1513 sanctum

162 1573 202 1620 ro
231 1549 470 1622 Franciscum
499 1548 717 1644 praedicare
735 1546 947 1644 aliquand0,
970 1548 1090 1621 donec
1110 1548 1143 1619 ei
1164 1547 1349 1620 silentium

232 1657 449 1752 imponeret,
483 1680 557 1726 non
586 1654 763 1752 permisit.
835 1654 884 1726 Et
913 1680 1115 1727 conversus
1148 1654 1195 1727 ad
1229 1654 1351 1727 hirun-

231 1762 366 1845 dinem,
399 1763 469 1835 ait:
512 1763 551 1833 ln
591 1760 741 1834 nomine
778 1760 896 1834 sancti
934 1761 1122 1834 Francisci
1161 1761 1350 1857 praecipio

231 1870 296 1942 tibi
326 1888 416 1942 uta
445 1894 505 1942 me
534 1886 570 1941 te
600 1867 682 1964 capi
711 1867 916 1964 permittas.
976 1868 1085 1962 Quae
1107 1866 1350 1941 incontinenti

232 1977 266 2048 in
296 1977 412 2072 ipsius
441 1976 612 2048 manibus
640 1975 877 2070 a[d]volavit.
935 1974 1175 2071 Stupelactus
1199 1973 1351 2047 scolaris

163 2108 198 2172 15
231 2083 408 2179 pristinae
429 2081 588 2154 libertati
617 2106 701 2153 eam
731 2080 900 2162 restituit,
922 2099 961 2153 et
989 2083 1069 2154 eius
1094 2079 1275 2179 garritum
1304 2082 1351 2154 de

231 2206 382 2262 caetero
414 2214 486 2261 non
515 2188 666 2262 audivit.

314 2321 372 2390 23·
405 2297 475 2368 Per
503 2295 623 2369 lacum
654 2295 855 2368 Reatinum
889 2297 1020 2368 beatus
1054 2295 1275 2367 Franciscus
1303 2293 1351 2365 ad

230 2428 398 2478 eremum
437 2403 485 2476 de
522 2401 685 2476 Graecio
713 2402 884 2486 tendens,
916 2401 952 2475 in
982 2401 1144 2499 quadam
1184 2399 1352 2475 navicula

232 2511 429 2584 residebat.
490 2510 559 2582 Cui
580 2510 744 2607 piscator
762 2509 914 2606 quidam
944 2535 1056 2583 unam
1085 2509 1267 2602 aviculam
1288 2508 1351 2580 ob-

161 2640 201 2686 20
230 2619 312 2691 tulit
341 2615 536 2700 lluvialem,
559 2634 600 2689 ut
627 2618 675 2689 de
705 2617 784 2714 ipsa
814 2616 1078 2689 iucundaretur
1106 2617 1142 2688 in
1172 2614 1348 2688 Domino

231 2725 353 2819 Quam
397 2725 530 2797 beatus
568 2741 675 2819 pater
711 2724 922 2821 gaudenter
959 2723 1176 2821 suscipiens,
1211 2720 1351 2820 apertis
1438 2792 1440 2795 .

231 2831 411 2913 manibus
445 2847 486 2903 ut
517 2832 632 2903 libere
666 2831 786 2904 abiret
819 2829 917 2903 illam
952 2857 1035 2903 cum
1066 2829 1351 2902 mansuetudine

230 2937 408 3011 invitavit.
468 2939 578 3032 Quae
598 2964 682 3010 cum
711 2938 765 3010 ire
795 2939 918 3019 nollet,
942 2937 1009 3010 sed
1038 2936 1139 3010 velut
1167 2935 1203 3009 in
1226 2936 1352 3009 nidulo

231 3045 266 3117 in
301 3046 397 3116 illius
432 3071 472 3117 se
510 3044 681 3117 manibus
710 3045 916 3125 reclinaret,
949 3060 1110 3127 sanctus
1142 3042 1277 3117 erectis
1315 3044 1350 3114 in

161 3173 198 3232 25
230 3155 374 3224 caelum
403 3149 530 3231 oculis,
554 3152 616 3223 diu
648 3152 683 3223 in
713 3152 882 3225 oratione
912 3151 1126 3247 permansit.
1176 3150 1225 3222 Et
1244 3149 1350 3245 quasi

229 3258 378 3331 aliunde
399 3274 484 3354 post
504 3257 656 3355 longam
677 3284 819 3332 moram
845 3260 891 3331 ad
920 3285 961 3330 se
991 3283 1171 3341 reversus,
1194 3257 1352 3328 dulciter

230 3365 422 3462 praecepit
450 3365 617 3438 aviculae
647 3381 687 3437 ut
705 3367 847 3461 absque
876 3367 1011 3438 timore
1038 3364 1215 3461 pristinae
1245 3362 1350 3434 liber·

230 3474 295 3545 tati
316 3498 356 3544 se
377 3460 575 3545 redderet.⁸
621 3472 804 3568 Suscepta
824 3472 949 3568 itaque
979 3498 1062 3544 cum
1087 3470 1350 3543 benedictione

231 3578 388 3661 licentia,
420 3595 531 3676 gestu
561 3579 726 3676 corporis
756 3579 946 3674 quoddam
976 3577 1227 3675 praetendens
1260 3600 1348 3672 gau·

162 3707 202 3771 30
231 3686 332 3758 dium
362 3685 476 3758 libere
505 3685 678 3759 avolavit.

314 3816 372 3883 24.
405 3794 444 3865 ln
466 3794 600 3865 eodem
620 3792 701 3865 lacu
722 3792 793 3864 alia
812 3791 893 3864 vice
914 3790 1083 3864 navicula
1102 3806 1242 3871 vectus
1266 3813 1350 3859 cum

229 3901 463 3997 pervenisset
483 3901 530 3972 ad
560 3918 719 3996 portum,
742 3899 890 3972 oblatus
919 3914 975 3971 est
995 3897 1028 3970 ei
1057 3895 1170 3994 piscis
1191 3920 1351 3992 magnus

230 4022 269 4079 et
288 4007 403 4079 vivus.
465 4008 588 4100 Quem
620 4032 723 4078 more
752 4031 820 4078 suo
845 4006 1008 4077 fraterno
1029 4003 1179 4075 nomine
1198 4026 1347 4081 vocans,

231 4115 352 4211 ipsum
390 4113 556 4212 reposuit
594 4114 696 4185 iuxta
742 4138 889 4189 navem.
945 4111 1060 4183 Piscis
1098 4135 1187 4182 vero
1225 4133 1350 4181 coram

142 4251 145 4255 ’
163 4241 176 4305 3
185 4243 198 4306 5
230 4237 362 4293 sancto
391 4220 427 4293 in
447 4246 545 4319 aqua
565 4221 727 4301 ludebat,
750 4221 797 4291 de
819 4244 894 4314 quo
910 4217 1108 4315 plurimum
1129 4216 1351 4288 iucundatus

306 4466 345 4513 14.
366 4450 398 4501 Μ
416 4450 534 4502 avolavit
