3142 4875
611 361 716 410 BEATI
744 361 930 411 FRANCISCI

905 470 1299 478 -—-·—-—.—-—-—-

400 699 460 770 Dc
487 698 699 795 hydropicis
726 710 760 771 et
778 700 1019 794 paralyticis.
1077 699 1141 771 IX.

295 933 352 1001 70.
375 911 414 982 In
436 910 598 984 Fanensi
618 911 777 997 civitate,
795 911 947 1009 quidam
968 913 1180 1009 hydropisis
1202 916 1331 986 morbo

211 1019 384 1090 detentus
413 1043 480 1114 per
507 1020 659 1091 beatum
689 1018 928 1101 Franciscum
949 1021 996 1092 ab
1024 1021 1157 1093 eadem
1185 1019 1332 1093 infirmi·

211 1141 287 1198 tate
316 1125 425 1220 plene
456 1125 589 1197 meruit
617 1124 776 1198 liberari.

164 1268 181 1333 5
294 1253 354 1330 71.
385 1231 522 1303 Mulier
549 1232 734 1327 quaedam
755 1232 971 1307 decivitate
992 1233 1205 1331 Eugubina,
1228 1258 1331 1329 para-

213 1338 323 1434 lytica
353 1337 389 1410 in
418 1336 515 1411 lecto
545 1337 680 1420 iacens,
703 1365 788 1412 cum
817 1365 886 1435 pro
905 1365 972 1413 sua
992 1339 1212 1414 liberatione
1232 1340 1330 1411 beati

213 1444 400 1520 Francisci
431 1470 566 1517 nomen
596 1444 705 1518 tertio
730 1446 931 1532 invocaret,
953 1448 1002 1520 ab
1031 1446 1244 1519 infirmitate
1264 1472 1332 1518 sua

212 1552 363 1625 dimissa
392 1568 449 1624 est
475 1568 512 1624 et
539 1572 681 1625 sanata.

295 1680 353 1750 72.
371 1657 498 1730 Puella
512 1660 697 1755 quaedam
714 1661 760 1731 de
776 1659 934 1756 Arpino.
953 1659 1120 1733 Soranae
1134 1659 1329 1744 dioecesis,

144 1801 183 1848 10
211 1793 234 1840 a
263 1766 394 1838 morbo
422 1765 626 1862 paralytico
656 1766 706 1839 ita
734 1767 933 1840 tenebatur
961 1767 1116 1840 obsessa
1139 1767 1241 1863 quod
1261 1765 1332 1837 dis-

211 1874 331 1945 soluta
361 1873 397 1944 in
427 1873 603 1944 membris
632 1890 670 1945 et
699 1899 765 1968 per
785 1898 920 1945 nervos
940 1891 1121 1956 contorta,
1144 1874 1332 1945 omnibus-

211 2005 284 2076 que
305 1979 476 2051 humanis
495 1979 640 2050 actibus
663 1978 818 2076 privata,
842 1981 966 2076 potius
987 1979 1184 2052 videbatur
1204 1979 1331 2052 vexari

210 2113 232 2160 a
262 2085 461 2158 daemonio
490 2111 603 2181 quam
631 2087 796 2159 humano
820 2086 949 2183 spiritu
980 2085 1159 2183 vegetari.
1208 2085 1332 2158 Tanta

213 2218 374 2289 namque
403 2192 518 2288 ipsius
548 2193 666 2265 morbi
687 2218 870 2290 oppressa
894 2194 1012 2265 suerat
1031 2193 1207 2274 laesione,
1230 2192 1332 2287 quod

144 2336 180 2401 15
211 2299 407 2373 videbatur
435 2297 588 2371 omnino
607 2299 654 2372 ad
676 2299 795 2395 prima
815 2301 999 2372 cunabula
1018 2299 1184 2371 rediisse.
1233 2297 1331 2370 Tan-

211 2408 298 2481 dem
329 2395 447 2480 mater
474 2407 565 2489 eius,
597 2405 772 2480 divinitus
793 2405 982 2503 inspirata,
1011 2406 1129 2504 ipsam
1149 2406 1196 2479 ad
1217 2403 1330 2479 eccle·

211 2516 304 2588 siam
333 2514 432 2587 beati
461 2513 660 2597 Francisci,
693 2514 796 2586 iuxta
824 2514 958 2586 Vicum
987 2514 1127 2586 Album
1157 2513 1329 2610 positam,

212 2621 373 2718 portavit
402 2621 438 2693 in
476 2619 598 2703 cunis;
629 2636 667 2693 et
695 2621 785 2693 lusis
822 2620 960 2693 ibidem
990 2619 1150 2693 lacrimis
1177 2636 1216 2693 et
1252 2646 1332 2716 pre·

212 2728 317 2801 cibus
347 2725 607 2823 multiplicatis,
628 2729 676 2799 ab
696 2728 797 2800 omni
819 2727 1040 2800 infirmitatis
1059 2728 1226 2825 periculo
1245 2726 1331 2799 libe-

140 2869 183 2915 20
212 2851 301 2918 rata,
334 2833 446 2931 priori
474 2834 587 2907 aetati
617 2834 762 2907 reddita
791 2851 848 2907 est
876 2851 915 2907 et
943 2834 1062 2906 saluti.

296 2963 355 3035 73.
387 2942 427 3013 In
457 2941 592 3013 eodem
622 2958 744 3014 castro
764 2941 909 3015 iuvenis
929 2940 1080 3039 quidam
1110 2967 1194 3013 cum
1223 2964 1332 3038 para-

213 3048 281 3145 lysi
310 3065 410 3122 esset
429 3048 614 3130 detentus,
638 3048 688 3120 ita
710 3051 810 3144 quod
839 3047 872 3119 ei
898 3046 1081 3121 clauserat
1100 3047 1175 3120 oris
1196 3046 1331 3119 ostium

213 3172 251 3229 et
278 3154 407 3228 oculos
435 3155 574 3227 fecerat
594 3154 804 3237 indirectos,
827 3182 850 3227 a
878 3171 996 3227 matre
1024 3155 1072 3227 ad
1092 3153 1164 3226 iam
1194 3154 1332 3226 dictam

213 3263 409 3335 ecclesiam
426 3261 627 3359 portat[us]
647 3276 715 3334 est.
769 3262 942 3358 Cumque
967 3262 1080 3334 modo
1094 3260 1219 3356 aliquo
1234 3260 1333 3332 iuve-

141 3403 182 3469 25
215 3370 270 3441 nis
291 3368 349 3440 ille
369 3394 410 3440 se
431 3394 582 3440 movere
611 3393 685 3441 non
716 3386 853 3463 posset,
887 3385 1004 3440 matre
1042 3392 1109 3463 pro
1139 3367 1220 3462 ipso
1249 3393 1328 3461 sup-

214 3475 357 3573 pliciter
386 3491 576 3557 exorante‚
599 3474 814 3571 priusquam
837 3473 978 3547 veniret
997 3477 1045 3546 ad
1069 3473 1228 3569 propria,
1252 3475 1328 3543 red-

213 3581 313 3655 ditus
340 3598 397 3654 est
426 3582 603 3678 pristinae
629 3581 789 3654 sanitati.

297 3710 356 3780 74.
388 3690 428 3761 In
466 3689 583 3761 Podio
621 3689 747 3760 Bonizi
785 3689 909 3785 puella
944 3686 1139 3783 quaedam,
1182 3685 1331 3756 nomine

101 3860 103 3865 .
215 3795 404 3877 Ubertina‚
437 3821 521 3868 cum
555 3798 698 3869 caduco
736 3797 867 3866 morbo
905 3810 981 3866 tam
1019 3791 1184 3890 graviter
1219 3815 1331 3886 quam

140 3939 184 4005 30
213 3902 464 3976 incurabiliter
492 3902 687 3983 laboraret,
720 3918 895 3997 parentes
925 3899 1048 3996 ipsius¹
1082 3899 1153 3970 iam
1183 3898 1230 3970 de
1264 3898 1333 3969 hu-

213 4035 325 4083 mano
353 4010 519 4082 remedio
548 4010 803 4106 desperantes,
843 4008 942 4079 beati
972 4005 1159 4078 Francisci
1194 4004 1332 4078 obnixe

212 4116 389 4214 suffragia
408 4114 634 4213 flagitarunt.
679 4115 761 4187 Pari
778 4113 933 4211 proinde
950 4137 1134 4185 consensu
1152 4129 1332 4184 voventes

211 4222 415 4297 beatissimi
436 4223 551 4318 patris
570 4248 637 4305 per
656 4247 775 4294 annos
796 4220 964 4318 singulos
984 4219 1148 4318 vigiliam
1168 4218 1332 4291 ieiunare

288 4470 379 4508 11·12.
400 4454 446 4507 ΓΑ
466 4453 593 4505 omnibus
667 4466 709 4515 24.
730 4450 760 4502 M
779 4461 885 4519 portata
962 4465 1001 4517 33.
1023 4449 1069 4501 ΡΑ
1089 4466 1137 4500 om.
1158 4447 1241 4516 patris
