3142 4875
639 252 809 300 LEGENDA
838 253 1003 301 SECUNDA

350 593 425 686 [De
452 591 751 687 exproprz‘otz'one
765 591 916 685 fratris
943 591 1168 685 Bernardz]
1226 589 1274 661 X.

345 827 400 898 15.
432 807 645 879 Bernardus
687 803 838 900 quidam
867 805 916 876 de
943 804 1093 877 civitate
1133 805 1278 889 Assisii,
1312 807 1374 902 qui

259 929 390 1011 postea
418 911 514 985 filius
542 912 609 983 suit
636 910 884 1008 perfectionis,
916 937 1000 983 cum
1020 910 1086 985 viri
1106 912 1180 985 Dei
1200 914 1375 1010 exemplo

258 1020 474 1118 disponeret
502 1016 691 1091 saeculum
719 1018 886 1115 perfecte
905 1036 1156 1101 contemnere,
1179 1020 1373 1092 consilium

257 1128 338 1200 eius
366 1125 525 1224 supplex
553 1126 733 1222 exposcit.
792 1125 1018 1199 Consultans
1047 1125 1160 1223 igitur
1197 1151 1283 1198 eum
1320 1126 1374 1200 sic
1410 1172 1427 1235 5

258 1234 326 1307 ait:
359 1233 397 1306 Si
427 1233 519 1329 quis,
541 1257 565 1305 o
585 1248 700 1329 pater,
722 1233 822 1306 bona
850 1233 1069 1329 cuiusquam
1088 1232 1228 1305 domini
1256 1233 1373 1331 longo

257 1358 429 1438 tempore
455 1339 687 1436 possedisset
713 1355 751 1411 et
780 1337 894 1411 nollet
922 1338 983 1411 illa
1011 1339 1172 1412 retinere
1200 1341 1273 1412 iam
1293 1365 1373 1412 am-

257 1447 362 1544 plius,
386 1447 475 1543 quid
496 1446 543 1519 de
561 1445 631 1518 illis
659 1445 859 1545 perfectius
879 1445 973 1518 loret
1000 1446 1211 1543 agendum?
1267 1447 1373 1519 Resi-

256 1555 410 1651 gnan'da
429 1578 513 1626 esse
532 1568 666 1625 cuncta
684 1553 838 1651 domino
857 1578 925 1625 suo
944 1577 967 1624 a
986 1577 1061 1649 quo
1082 1552 1141 1625 illa
1165 1573 1368 1650 receperat,

256 1659 449 1757 respondit
476 1659 533 1732 vir
551 1658 635 1733 Dei.
692 1659 742 1732 Et
761 1660 974 1732 Bernardus
993 1661 1041 1733 ad
1060 1685 1165 1732 eum:
1188 1659 1372 1735 Universa
1407 1704 1449 1750 10

256 1794 353 1864 quae
368 1767 490 1840 habeo
509 1792 533 1839 a
551 1766 637 1839 Deo
653 1765 740 1838 mihi
756 1767 844 1838 data
859 1791 1061 1863 cognosco,
1079 1792 1175 1863 quae
1190 1769 1238 1839 ad
1253 1769 1372 1840 consi·

255 1875 343 1948 lium
359 1891 463 1947 tuum
480 1875 671 1971 resignare
686 1872 759 1945 iam
774 1872 842 1944 sibi
858 1874 992 1945 assisto
1002 1891 1163 1969 paratus.
1208 1872 1246 1945 Si
1259 1874 1368 1958 dicta,

255 1982 373 2078 inquit
401 1997 564 2065 sanctus,
595 1978 699 2052 lactis
719 1981 878 2075 probare
901 1980 1072 2063 volueris,
1094 2006 1242 2053 summo
1262 2007 1371 2055 mane

255 2090 435 2162 intremus
475 2086 681 2169 ecclesiam,
711 2102 749 2159 et
778 2085 963 2184 evangelii
992 2087 1121 2160 codice
1159 2105 1318 2185 sumpto,
1348 2114 1373 2162 a

255 2195 405 2268 Christo
434 2218 657 2291 quaeramus
686 2192 890 2266 consilium.
949 2194 1092 2266 Intrant
1110 2194 1372 2290 itaqueeccle-
1407 2237 1444 2301 ¹5

254 2302 347 2374 siam
377 2328 486 2374 mane
516 2302 588 2374 iam
618 2300 725 2384 lact0,
748 2316 787 2372 et
806 2302 975 2374 oratione
994 2301 1130 2374 devote
1150 2302 1366 2398 praemissa,

254 2408 438 2508 evangelii
460 2407 592 2481 librum
610 2407 791 2505 aperiunt,
811 2408 1053 2505 disponentes
1073 2409 1110 2481 id
1125 2410 1248 2483 lacere
1267 2409 1369 2505 quod

188 2580 190 2583 Α
254 2516 395 2589 consilii
436 2516 596 2613 primum
638 2517 858 2614 occurr[a]t.
914 2517 1101 2611 Aperiunt
1142 2517 1286 2600 librum,
1330 2532 1369 2589 et

254 2622 447 2696 consilium
475 2649 582 2696 suum
615 2618 759 2719 [in‘eo]
789 2623 909 2719 aperit
939 2623 1127 2695 Christus:
1155 2623 1193 2695 Si
1214 2623 1270 2695 vis
1288 2649 1369 2719 per-

253 2730 370 2803 lectus
399 2756 492 2810 esse,
522 2731 618 2803 vade
647 2745 686 2802 et
713 2730 837 2802 vende
881 2730 1005 2803 omnia
1048 2755 1143 2826 quae
1173 2730 1299 2814 habes,
1331 2747 1369 2802 et
1398 2770 1444 2817 20

252 2837 300 2910 da
328 2837 564 2934 pauperibus.
622 2837 798 2909 Secundo
828 2838 863 2909 id
891 2837 1082 2934 replicant,
1114 2854 1151 2909 et
1179 2836 1280 2911 Nihil
1314 2853 1369 2909 tu·

251 2942 365 3016 leritis
394 2945 429 3015 in
458 2943 527 3026 via,
559 2944 729 3019 occurrit.
787 2943 945 3016 Addunt
965 2944 1035 3017 hoc
1058 2944 1213 3042 [tertio],
1234 2960 1272 3017 et
1292 2944 1368 3037 Qui

251 3050 330 3123 vult
357 3050 483 3122 venire
501 3066 587 3148 post
607 3076 667 3124 me
694 3052 860 3148 abneget
888 3051 1139 3148 semetipsum,
1163 3050 1365 3123 inveniunt.

250 3157 409 3253 Absque
428 3159 664 3230 cunctatione
685 3158 778 3230 haec
798 3158 922 3230 omnia
941 3159 1153 3231 Bernardus
1172 3157 1363 3254 adimplet,

251 3289 320 3337 nec
335 3263 475 3337 consilli
496 3264 605 3337 huius
625 3264 684 3336 vel
699 3290 813 3336 unum
833 3264 909 3337 iota
927 3265 1211 3362 transgreditur.
1270 3265 1367 3336 Con·
1398 3303 1439 3371 25

249 3387 443 3444 vertuntur
461 3398 483 3444 a
504 3371 793 3444 mordacissimis
812 3371 908 3444 curis
928 3373 1056 3444 mundi
1071 3389 1241 3467 tempore
1260 3371 1365 3443 brevi

251 3478 499 3575 quamplures,
532 3480 637 3551 etad
658 3477 839 3550 infinitum
863 3479 1014 3561 bonum,
1036 3479 1130 3551 duce
1152 3479 1362 3561 Francisco,
1429 3511 1433 3516 ·

249 3602 486 3659 revertuntur
515 3587 550 3658 in
579 3585 747 3681 patriam.
806 3586 981 3682 Longum
1012 3602 1110 3659 esset
1134 3585 1182 3657 de
1209 3585 1367 3682 singulis

249 3693 435 3789 prosequi,
467 3692 625 3789 qualiter
651 3693 821 3765 bravium
850 3718 1034 3789 supernae
1054 3692 1260 3766 vocationis
1278 3693 1365 3765 atti-

248 3800 383 3898 gerint.
1398 3839 1440 3902 30

323 4010 570 4080 5.R0m.supplcx
647 4012 723 4064 mn
737 4012 856 4064 occurrit
914 4013 1142 4072 1o.Aonnineo
1215 4013 1363 4080 zatertlo]

247 4090 272 4141 A
293 4091 389 4143 iterum
463 4091 504 4143 26.
526 4092 558 4145 ,li
573 4092 715 4144 mundanis
791 4107 832 4162 29.
853 4091 872 4142 R
894 4094 1019 4162 persequi

672 4272 936 4279 -..---—-——--—-
