3142 4875
261 606 321 695 84.
354 605 424 676 Per
453 602 573 677 lacum
602 602 804 675 Reatinum
823 602 891 675 viri
913 604 989 676 duo
1008 619 1046 675 et
1065 602 1221 676 totidem
1251 604 1268 675 f
1289 649 1298 657 -

182 709 301 784 minae
323 736 406 784 cum
428 737 502 783 uno
523 735 639 806 puero
667 710 899 806 navigantes,
922 710 959 783 in
978 711 1133 783 alteram
1153 725 1298 806 partem

181 843 267 891 casu
296 834 478 916 vergente
508 815 677 890 navicula
695 831 733 888 et
753 817 877 889 subito
905 842 1004 914 aqua
1029 818 1181 913 repleta,
1213 843 1300 914 pro·

179 924 361 1023 pinquare
380 925 604 997 videbantur
631 923 679 996 ad
709 939 878 996 mortem.
937 923 1195 997 Clamantibus
1223 950 1299 996 om·

135 1061 150 1125 5
181 1033 288 1105 nibus
316 1047 354 1104 et
382 1033 429 1105 de
458 1049 577 1104 morte
605 1029 678 1103 iam
716 1028 836 1114 certis,
873 1030 1046 1103 clamavit
1083 1046 1121 1103 et
1156 1029 1299 1103 illarum

181 1138 311 1212 mulier
338 1164 412 1212 una
441 1138 665 1211 confidentia
696 1162 835 1235 magna
862 1138 989 1210 valde:
1021 1137 1157 1210 Sancte
1187 1138 1299 1210 Fran-

180 1244 288 1330 cisce,
319 1246 382 1332 ait,
412 1245 474 1342 qui
496 1244 583 1318 mihi
603 1245 734 1318 vivens
763 1245 799 1316 in
829 1270 940 1317 carne
961 1244 1218 1317 familiaritatis
1237 1245 1299 1317 be·

181 1351 352 1426 neficium
382 1350 575 1436 indulsisti,
598 1353 727 1424 confer
756 1377 853 1423 nunc
879 1352 928 1424 de
948 1352 1053 1424 caelo
1081 1350 1298 1448 suffragium

180 1459 364 1556 perituris.
421 1459 553 1532 Adluit
581 1460 772 1555 extemplo
798 1474 954 1531 vocatus
984 1474 1144 1542 sanctus,
1166 1474 1205 1530 et
1224 1458 1299 1555 ple·

111 1594 151 1641 ιο
181 1591 266 1640 nam
295 1591 394 1663 aqua
423 1566 629 1639 naviculam
666 1591 749 1638 cum
780 1564 881 1637 omni
916 1564 1036 1638 salute
1071 1565 1223 1638 devexit
1250 1566 1298 1638 ad

180 1689 340 1770 portum.
404 1673 542 1746 Ensem
564 1673 764 1769 quemdam
786 1696 914 1743 secum
944 1671 980 1743 in
1010 1697 1142 1746 navem
1172 1688 1299 1769 porta-

180 1798 322 1863 verant,
354 1782 418 1876 qui
447 1780 666 1852 miraculose
687 1795 934 1875 supernatans
962 1777 1058 1851 inter
1086 1779 1206 1851 undas
1235 1803 1300 1852 na-

180 1887 338 1960 viculam
362 1887 599 1984 sequebatur.

262 1996 322 2085 85.
355 1993 518 2088 Quidam
548 2008 683 2066 nautae
711 1991 950 2075 Anconitani‚
983 1992 1190 2088 procellosa
1209 2006 1299 2064 tem-

111 2129 147 2192 15
180 2116 324 2196 pestate
344 2100 479 2184 iactati,
503 2099 770 2172 submersionis
790 2098 995 2195 periculum
1015 2099 1088 2172 iam
1107 2098 1295 2170 videbant.

181 2206 353 2303 Cumque
381 2207 434 2280 sic
463 2205 650 2303 desperati
680 2207 726 2279 de
755 2205 831 2280 vita
860 2221 1028 2278 sanctum
1058 2205 1298 2278 Franciscum

179 2314 395 2411 suppliciter
424 2313 650 2396 invocarent,
682 2313 807 2386 lumen
837 2313 872 2384 in
904 2312 994 2385 mari
1024 2337 1204 2410 magnum
1232 2336 1299 2408 ap·

179 2420 302 2518 paruit
330 2440 368 2495 et
396 2449 479 2495 cum
500 2421 582 2519 ipso
603 2418 741 2494 lumine
771 2418 1016 2517 tranquillitas
1045 2444 1224 2494 concessa
1243 2418 1299 2492 di-

178 2527 325 2601 vinitus.
384 2530 455 2601 Pro
470 2545 559 2602 voto
575 2528 699 2601 nobile
714 2529 902 2623 quoddam
918 2527 1069 2625 pallium
1086 2527 1299 2600 obtulerunt

106 2662 151 2709 20
180 2652 217 2708 et
237 2635 424 2709 liberatori
444 2661 512 2709 suo
532 2637 734 2734 gratiarum
757 2635 971 2707 innumeras
990 2634 1168 2707 actiones.

261 2745 322 2814 86.
341 2744 472 2815 Frater
486 2743 750 2816 Bonaventura
764 2741 926 2823 nomine,
944 2767 1028 2813 cum
1044 2741 1191 2814 duobus
1211 2740 1299 2814 viris

179 2875 247 2946 per
265 2850 385 2922 lacum
402 2851 602 2947 quemdam
624 2848 817 2946 navigans
836 2848 1025 2921 confracta
1045 2874 1092 2921 ex
1111 2865 1218 2945 parte
1239 2873 1298 2921 na-

179 2956 309 3039 vicula,
347 2973 499 3052 propter
530 2981 651 3053 aquae
685 2954 872 3028 influentis
903 2955 1081 3052 impetum
1116 2956 1298 3028 submersi

179 3079 275 3136 sunt.
335 3063 409 3156 Qui
426 3089 510 3136 cum
526 3064 573 3136 de
589 3063 773 3161 profundo
789 3062 871 3134 lacu
891 3079 1060 3134 sanctum
1082 3062 1299 3135 invocarent

109 3196 147 3261 25
180 3169 429 3255 Franciscum,
452 3170 575 3243 subito
604 3195 701 3267 aqua
728 3168 839 3266 plena
861 3168 1029 3241 navicula
1056 3194 1140 3241 cum
1164 3169 1218 3241 eis
1236 3170 1299 3242 de·

180 3275 281 3349 venit
308 3277 356 3350 ad
385 3294 544 3373 portum.
602 3275 664 3349 Sic
693 3292 730 3349 et
758 3275 910 3372 quidam
931 3276 1043 3348 frater
1071 3278 1118 3348 de
1148 3275 1296 3355 Esculo,

179 3385 395 3456 submersus
415 3385 449 3457 in
472 3382 633 3465 flumine.
651 3385 767 3455 sancti
790 3382 977 3455 Francisci
998 3381 1138 3454 meritis
1157 3382 1299 3455 exstitit

180 3490 366 3564 liberatus.

262 3599 321 3689 87.
344 3597 506 3691 Quidam
527 3597 692 3679 Pisanus
712 3597 759 3669 de
774 3595 969 3693 parrochia
985 3594 1205 3668 Sanctorum
1224 3595 1299 3667 Co·

108 3730 150 3796 30
179 3729 281 3777 smae
311 3722 349 3778 et
377 3705 563 3787 Damiani,
586 3730 654 3778 sua
673 3704 908 3777 confessione
931 3702 1164 3775 confirmavit
1183 3704 1295 3799 quod,

179 3835 262 3883 cum
287 3828 388 3884 esset
411 3837 495 3885 cum
523 3811 647 3884 multis
667 3812 702 3884 in
723 3810 885 3907 quadam
916 3809 999 3881 navi
1021 3810 1057 3880 in
1079 3809 1180 3892 mari,
1204 3826 1298 3881 tem-

67 4002 69 4005 ·
178 3934 324 4013 pestate
353 3944 491 4016 magna
521 3918 624 3991 navis
652 3918 712 3991 illa
741 3918 908 4013 impulsa,
932 3916 1079 3988 cuidam
1101 3914 1216 3988 monti
1237 3942 1298 4014 ap·

178 4025 453 4122 propinquabat
467 4027 686 4122 frangenda.
732 4024 845 4117 Quod
856 4022 1027 4095 videntes
1045 4038 1190 4105 nautae,
1205 4049 1300 4121 pon-

177 4147 253 4204 tem
270 4132 470 4229 quemdam
490 4133 537 4205 de
558 4131 730 4206 antennis
750 4149 788 4203 et
807 4129 942 4204 tabulis
962 4147 1243 4226 compegerunt,
1262 4148 1300 4205 et

105 4267 147 4333 35
178 4238 226 4311 ibi
247 4264 288 4313 se
303 4265 387 4312 cum
407 4240 488 4313 aliis
507 4239 568 4337 qui
589 4255 696 4312 erant
715 4238 751 4311 in
773 4237 857 4311 navi
878 4254 1056 4334 tanquam
1077 4236 1113 4310 in
1134 4240 1298 4335 quodam

252 4480 291 4519 11.
313 4465 365 4519 AB
382 4465 529 4536 quamdam
605 4480 644 4518 12.
667 4463 718 4516 AB
737 4480 807 4535 quae
