3142 4875
613 357 718 407 nsum
746 356 934 408 sunucrscr
1257 335 1330 424 287

212 591 355 664 Cavete
385 616 431 663 ne
460 590 651 689 religionis
679 591 916 687 pulchritudo
940 591 1246 689 praesumptione
1267 618 1335 665 no-

210 696 367 770 vitatum
403 697 660 770 huiuscemodi
702 699 942 795 deturpetur;
987 697 1148 772 surrexit
1183 716 1335 772 sanctus

146 863 148 872 ,
213 804 400 890 continuo,
432 804 545 877 etad
575 803 719 877 caelum
747 805 934 902 protensis
962 803 1143 889 manibus,
1175 804 1335 878 lacrimis

214 913 384 1007 perfusus
420 910 457 983 in
495 911 706 984 huiusmodi
743 910 923 984 orationis
956 914 1083 996 verba,
1120 912 1179 985 vel
1210 912 1336 1009 potius

164 1044 182 1109 5
212 1017 490 1114 imprecationis
518 1018 658 1114 erupit:
681 1017 846 1090 Domine
868 1019 949 1090 lesu
981 1018 1141 1102 Christe,
1164 1019 1225 1116 qui
1247 1019 1336 1092 duo-

213 1126 352 1198 denum
370 1124 641 1220 Apostolorum
663 1150 859 1197 numerum
888 1125 1047 1223 elegisti,
1079 1126 1126 1198 de
1155 1150 1231 1222 quo
1251 1125 1337 1199 licet

213 1257 288 1304 uno
308 1232 476 1315 cadente,
500 1231 636 1304 caeteri
658 1248 783 1304 tamen
809 1231 1059 1305 adhaerentes
1079 1231 1144 1304 tibi
1164 1250 1334 1306 sanctum

212 1335 450 1435 evangelium
472 1363 546 1409 uno
570 1337 700 1435 repleti
730 1338 861 1434 spiritu
890 1338 1162 1435 praedicarunt,
1185 1356 1234 1423 tu,
1258 1340 1335 1413 Do·

215 1445 324 1529 mine,
342 1444 377 1516 in
399 1445 469 1517 hac
489 1445 581 1517 hora
602 1445 804 1518 novissima
824 1444 1001 1541 antiquae
1022 1445 1334 1545 m[isericord]iae

145 1578 184 1623 10
214 1576 436 1637 memorans,
460 1552 613 1624 fratrum
632 1551 808 1649 plantasti
838 1551 1059 1649 religionem
1081 1553 1117 1624 in
1141 1569 1228 1626 tuae
1248 1554 1334 1627 fidei

213 1659 478 1742 fulcimentum,
501 1674 540 1732 et
569 1673 608 1730 ut
636 1658 832 1754 evangelii*
852 1657 904 1731 tui
934 1684 1001 1755 per
1030 1685 1096 1732 eos
1116 1659 1333 1754 mysterium

166 1787 171 1798 ·
214 1766 440 1861 impleretur.
499 1765 595 1860 Quis
614 1791 708 1863 ergo
726 1791 795 1863 pro
816 1765 905 1862 ipsis
922 1791 1047 1838 coram
1064 1782 1101 1839 te
1121 1766 1332 1851 satisfaciet,

213 1872 243 1943 si
280 1871 328 1944 ad
365 1872 467 1968 quod
506 1871 606 1944 missi
635 1889 731 1955 sunt,
773 1897 847 1944 non
883 1872 1003 1945 solum
1042 1872 1215 1945 omnibus
1243 1871 1336 1946 lucis

213 1977 387 2075 exempla
423 2004 497 2051 non
535 1979 791 2078 monstr[e]nt,
827 1979 894 2051 sed
931 1977 1056 2075 potius
1098 1980 1337 2079 ostend[a]nt

142 2113 184 2179 15
213 2111 329 2183 opera
348 2086 610 2158 tenebrarum?
666 2087 703 2158 A
723 2102 771 2166 te,
803 2085 1039 2159 sanctissime
1058 2085 1234 2170 Domine,
1257 2103 1296 2159 et
1314 2114 1337 2160 a

212 2209 291 2265 tota
320 2191 470 2265 caelesti
500 2193 610 2275 curia,
643 2210 681 2265 et
708 2219 732 2265 a
761 2218 822 2266 me
840 2191 995 2288 parvulo
1025 2209 1090 2265 tuo
1119 2192 1193 2265 sint
1221 2192 1336 2266 male-

213 2300 311 2382 dicti,
335 2300 397 2395 qui
418 2325 487 2371 suo
507 2298 605 2371 malo
624 2300 800 2395 exemplo
822 2300 1054 2373 confundunt
1082 2317 1120 2373 et
1139 2299 1336 2373 destruunt

213 2407 314 2503 quod
343 2405 430 2479 olim
460 2431 526 2503 per
554 2423 704 2480 sanctos
732 2408 864 2481 fratres
894 2405 1047 2481 Ordinis
1074 2406 1183 2480 huius
1211 2406 1335 2481 aedifi-

213 2513 314 2597 casti,
347 2530 385 2586 et
420 2514 617 2586 aedificare
651 2540 726 2587 non
761 2540 896 2587 cessas.
956 2512 1028 2586 Ubi
1058 2530 1144 2587 sunt
1176 2515 1238 2611 qui
1267 2540 1335 2588 sua

139 2644 185 2690 20
212 2619 474 2693 benedictione
512 2620 638 2694 felices
675 2647 715 2694 se
744 2621 971 2718 praedicant,
1013 2636 1050 2693 et
1087 2620 1334 2695 familiaritate

214 2726 329 2824 ipsius
356 2753 397 2800 se
426 2726 564 2801 iactant
591 2753 660 2825 pro
688 2728 789 2801 velle
804 2728 965 2824 potitos?
1022 2727 1072 2814 Si,
1103 2729 1204 2826 quod
1225 2730 1332 2815 absit,

214 2834 353 2907 inventi
383 2833 518 2906 fuerint
545 2835 688 2931 absque
717 2835 960 2931 poenitudine
990 2835 1026 2908 in
1055 2835 1211 2909 aliorum
1241 2836 1335 2932 peri-

214 2941 297 3013 culo
327 2939 363 3013 in
392 2966 433 3013 se
462 2957 689 3014 monstrasse
718 2967 835 3038 opera
872 2944 1121 3026 tenebrarum,
1153 2966 1223 3015 vae
1252 2942 1333 3027 illis,

213 3074 283 3121 vae
312 3047 562 3120 damnationis
590 3065 777 3122 aeternae.

141 3180 183 3245 25
301 3174 383 3247 157.
434 3155 732 3238 Confunduntur,
777 3156 913 3242 aiebat,
958 3155 1087 3253 optimi
1127 3157 1259 3229 fratres
1297 3156 1334 3228 in

215 3261 396 3335 malorum
425 3262 577 3333 fratrum
598 3263 785 3359 operibus,
817 3278 855 3335 et
884 3264 945 3336 ubi
975 3288 1050 3336 non
1070 3279 1331 3360 peccaverunt,

215 3368 283 3465 ipsi
325 3393 524 3465 pravorum
562 3370 736 3466 exemplo
774 3385 925 3466 portant
966 3371 1154 3443 iudicium.
1226 3371 1334 3441 Duro

214 3492 413 3572 propterea
448 3474 575 3573 gladio
612 3501 671 3549 me
707 3475 966 3562 transfodiunt,
1004 3494 1042 3549 et
1080 3478 1263 3550 reducunt
1297 3476 1335 3548 il-

215 3582 327 3680 lu[m]
366 3607 433 3680 per
468 3608 550 3655 mea
587 3582 730 3656 viscera
765 3600 844 3657 tota
880 3584 951 3656 die.
1014 3583 1267 3656 Subtrahebat
1294 3608 1334 3654 se

144 3711 187 3779 30
214 3705 368 3786 propter
395 3690 466 3761 hoc
503 3689 665 3761 maxime
693 3717 716 3763 a
745 3691 934 3763 consortio
970 3690 1133 3774 fratrum,
1175 3716 1220 3762 ne
1251 3714 1334 3761 con·

215 3798 378 3894 tingeret
392 3822 477 3868 eum
492 3796 620 3869 audire
641 3796 780 3893 aliquid
794 3797 930 3870 sinistri
947 3798 995 3869 de
1015 3822 1204 3893 quoquam
1225 3795 1261 3867 in
1278 3796 1334 3867 sui

217 3902 531 4002 renovatione[m]
551 3903 699 3975 doloris.
748 3904 798 3976 Et
824 3905 989 3977 dicebat:
1014 3903 1152 3976 Veniet
1175 3922 1332 4000 tempus,

215 4035 291 4105 quo
316 4009 422 4081 malis
441 4008 622 4106 exemplis
643 4009 779 4084 dilecta
797 4010 871 4083 Dei
891 4009 1263 4108 religio'diffametur,
1286 4010 1337 4083 ita

289 4258 314 4309 8.
335 4258 366 4310 ll
382 4275 431 4310 om.
451 4255 543 4326 repleri
618 4272 642 4325 9.
665 4258 689 4310 A
714 4256 866 4308 memoriae
946 4271 985 4321 14.
1004 4257 1029 4309 A
1051 4266 1203 4309 monstrant
1221 4262 1243 4307 et
1261 4269 1339 4309 osten

215 4337 281 4388 dunt
356 4351 448 4406 19-24.
469 4338 498 4388 ,tl
516 4354 564 4389 om.
585 4336 803 4388 Ubi-aeternae
877 4337 918 4389 28.
940 4338 969 4388 ,tl
988 4335 1124 4388 deducunt
1197 4334 1335 4405 28-29.A

209 4415 278 4471 ,illud
353 4431 394 4486 32.
413 4417 438 4468 A
458 4415 636 4468 renovatione
