3142 4875
577 307 680 355 IIEATI
709 305 894 354 FRANCISCI

477 645 547 718 De
575 645 743 742 inepta
772 643 992 717 laetitia.

212 832 368 931 [Contra
397 857 532 903 vonam
555 830 722 926 gloriam
750 840 784 901 et
810 829 1068 927 hypocrisim}
1126 829 1261 900 XCIII.

264 1065 346 1136 130.
378 1040 518 1113 Verum
561 1040 789 1137 spiritualem
831 1043 1062 1140 amplectens
1104 1041 1295 1126 laetitiam,

178 1150 341 1248 ineptam
361 1147 527 1220 studiose
545 1147 697 1231 vitabat,
719 1148 842 1220 sciens
861 1150 1048 1222 ferventer
1066 1148 1297 1246 diligendum

131 1289 147 1354 5
178 1258 278 1353 quod
307 1255 460 1352 perficit,
494 1279 562 1327 nec
590 1254 712 1326 minus
740 1255 940 1353 vigilanter
967 1258 1069 1352 quod
1102 1255 1217 1328 inficit
1246 1257 1297 1327 Iu-

178 1364 369 1462 giendum.
427 1362 579 1433 Inauem
608 1362 759 1457 quidem
780 1361 938 1458 gloriam
959 1363 1097 1436 elidere
1122 1364 1298 1435 studebat

178 1471 214 1543 in
235 1469 388 1553 semine,
412 1493 486 1540 non
506 1467 632 1540 sinens
650 1470 752 1565 quod
772 1468 845 1541 Dei
865 1469 922 1542 sui
941 1470 1149 1543 offenderet
1168 1470 1297 1542 oculos

177 1577 380 1649 subsistere
399 1574 458 1648 vel
479 1590 679 1648 momento
730 1576 826 1647 Nam
849 1575 1046 1658 multoties,
1069 1601 1152 1649 cum
1175 1575 1298 1648 multis

177 1683 408 1756 attolleretur
436 1682 655 1779 praeconiis,
687 1681 818 1754 dolens
838 1697 875 1754 et
894 1708 1052 1781 gemens
1071 1681 1241 1779 protinus
1261 1682 1297 1754 in

112 1818 150 1865 ιο
177 1789 326 1863 tristitia
344 1789 575 1886 subrogabat
593 1789 777 1861 aflectum.
835 1788 1024 1885 Tempore
1040 1788 1201 1873 hiemali,
1215 1815 1298 1861 cum

179 1896 325 1970 nonnisi
355 1895 462 1968 unica
491 1895 616 1968 tunica
644 1912 815 1969 sanctum
845 1895 924 1968 eius
957 1894 1219 1993 corpusculum
1248 1911 1299 1968 te·

178 2019 341 2103 geretur,
359 2002 467 2099 petiis
486 2002 689 2076 admodum
708 2001 842 2074 vilibus
862 2002 1047 2085 resarcita,
1070 2003 1300 2098 guardianus

178 2137 277 2192 suus
310 2109 371 2206 qui
391 2125 430 2182 et
457 2109 581 2181 socius
600 2110 680 2180 eius
700 2123 789 2191 erat,
813 2134 927 2181 unum
947 2108 1087 2181 corium
1107 2108 1298 2207 vulpinum

179 2218 375 2314 acquirens
403 2233 441 2288 et
468 2217 516 2288 ad
546 2214 667 2312 ipsum
694 2216 888 2312 perferens
915 2214 1025 2289 dixit:
1053 2215 1172 2301 Pater,
1204 2215 1299 2287 infir-

114 2348 151 2415 15
180 2324 347 2396 mitatem
376 2322 514 2419 pateris
551 2321 689 2417 splenis
727 2340 765 2394 et
793 2321 974 2394 stomachi
983 2349 990 2406 ;
1021 2347 1155 2418 precor
1184 2321 1299 2395 chari-

179 2449 295 2505 tatem
325 2447 426 2503 tuam
456 2430 492 2501 in
522 2427 697 2507 Domino,
729 2446 769 2501 ut
797 2429 928 2502 subtus
956 2429 1119 2503 tunicam
1148 2428 1300 2526 patiaris

181 2539 279 2611 istud
300 2536 427 2611 consui
449 2536 600 2609 corium.
659 2536 772 2630 Quod
793 2536 823 2609 si
844 2553 963 2608 totum
984 2562 1058 2610 non
1077 2538 1209 2633 placet,
1232 2538 1300 2610 sal·

181 2662 257 2719 tem
286 2670 399 2741 supra
425 2644 659 2716 stomachum
688 2643 766 2716 fieri
796 2644 886 2716 sine.
946 2645 1015 2716 Cui
1035 2645 1168 2717 beatus
1187 2645 1301 2717 Fran·

182 2753 320 2825 ciscus:
351 2750 390 2824 Si
420 2749 474 2822 vis
512 2767 551 2822 ut
578 2751 648 2822 sub
676 2750 802 2823 tunica
835 2752 956 2846 patiar
984 2751 1093 2834 istud,
1124 2752 1181 2824 lac
1211 2749 1300 2822 mihi

111 2884 153 2930 20
182 2860 349 2932 eiusdem
379 2882 576 2930 mensurae
610 2856 748 2954 petiam
777 2857 942 2929 exterius
975 2858 1163 2955 applicari,
1204 2883 1300 2953 quae

183 2981 339 3039 consuta
366 2966 414 3037 de
443 2964 531 3036 loris
559 2965 697 3037 indicet
724 2963 938 3036 hominibus
965 2964 1100 3060 pellem
1122 2963 1220 3037 intus
1239 2964 1299 3036 ab·

183 3071 401 3146 sconditam.
466 3070 585 3145 Audit
614 3071 726 3143 frater
755 3095 823 3143 nec
852 3071 1046 3167 approbat,
1079 3071 1201 3154 instat,
1234 3096 1302 3143 nec

183 3180 358 3276 impetrat
393 3178 503 3250 aliud.
575 3178 851 3273 Acquiescente
889 3177 1041 3250 tandem
1079 3177 1298 3274 guardian0,

184 3287 283 3383 petia
311 3309 424 3381 supra
452 3284 590 3380 petiam
619 3286 747 3367 suitur,
771 3310 817 3357 ne
837 3285 936 3358 aliud
962 3285 1049 3357 soris
1069 3310 1181 3379 quam
1203 3283 1301 3356 intus

7 3379 18 3405 ⁸
115 3416 156 3481 25
185 3394 215 3466 F
218 3391 405 3465 ranciscus
424 3416 507 3463 esse
527 3404 763 3464 monstretur.
823 3392 858 3465 Ο
879 3393 977 3464 idem
999 3391 1127 3488 lingua
1146 3406 1184 3462 et
1202 3389 1298 3472 vita;

186 3499 283 3572 idem
300 3498 388 3571 loris
405 3514 442 3570 et
457 3498 575 3581 intus;
594 3498 692 3570 idem
708 3497 879 3571 subditus
895 3515 933 3571 et
947 3497 1151 3594 praelatus!
1201 3496 1301 3568 Nihil

185 3622 395 3688 extraneae,
415 3604 503 3677 nihil
519 3604 684 3701 privatae
699 3603 843 3701 gloriae
858 3605 1052 3702 diligebas
1072 3604 1133 3700 qui
1154 3629 1304 3699 semper

185 3710 404 3811 gloriabaris
419 3712 455 3783 in
470 3711 647 3783 Domino.
696 3712 771 3784 Sed
788 3712 992 3807 pelliciatos
1009 3737 1054 3783 ne
1070 3710 1299 3793 offenderim,

185 3844 327 3916 precor,
350 3819 389 3892 si
417 3818 552 3915 pellem
582 3840 650 3915 pro
669 3818 767 3915 pelle
786 3820 945 3915 positam
966 3817 1143 3900 dixerim;
1167 3817 1303 3889 scimus

119 3946 160 4011 30
185 3926 285 3999 enim
314 3924 526 3998 innocentia
555 3921 732 4021 spoliatos
761 3925 895 3998 tunicis
914 3924 1079 4021 pelliceis
1100 3924 1260 4021 eguisse.

262 4150 320 4188 1-2.
337 4137 367 4188 ll
381 4135 479 4189 laetitia
496 4148 522 4188 et
538 4146 631 4188 contra
708 4150 727 4201 5.
748 4135 864 4205 perficit]
886 4135 905 4187 R
926 4132 1033 4204 proficit
1108 4151 1132 4204 7.
1146 4132 1179 4183 M
1192 4131 1304 4184 Domini

188 4232 231 4281 24.
253 4217 282 4269 ,tl
298 4215 367 4267 alius
440 4230 535 4285 25·30.
556 4214 588 4265 Μ
605 4232 653 4267 orn.
674 4215 699 4267 O
721 4215 939 4284 idem-eguisse
