3142 4875
243 322 317 371 XXX
665 319 943 370 PROLEGOMENA

242 539 369 608 Ordine
384 540 536 608 institutis
552 540 706 629 seraphici
723 541 824 608 Patris
843 541 1036 630 oppositam,
1050 541 1163 610 oculos
1183 541 1363 609 multorum

241 648 285 714 ita
299 646 479 714 obfuscavit
492 646 581 735 qnod
593 647 694 714 semel
706 669 798 714 reum
810 670 937 736 semper
949 671 1039 714 reum
1053 644 1151 715 fuisse
1162 647 1363 716 arbitrantur.

241 752 306 821 Sed
338 753 523 842 apologiam
548 753 661 821 Heliae
684 776 751 821 non
774 754 917 836 instituo,
949 752 989 820 ad
1018 752 1186 821 Thomam
1209 775 1362 822 revertor.

309 861 355 927 Ex
379 882 420 928 eo
442 860 530 949 quod
551 862 704 929 vicarium
728 862 829 929 sancti
854 860 1054 929 Patriarchae
1078 862 1110 928 in
1130 861 1237 929 lucem
1253 879 1363 950 proru-

241 966 320 1050 lerit,
337 968 472 1033 minime
494 969 638 1056 sequitur
661 991 737 1035 eum
756 957 835 1034 falsa
849 969 1021 1056 scripsisse,
1046 968 1140 1035 ereis
1159 971 1212 1056 qui
1229 968 1363 1057 scripto-

240 1096 307 1140 rem
331 1072 490 1142 mendacii
519 1081 658 1163 arguunt
685 1074 843 1143 incumbit
870 1074 1057 1164 probrosam
1083 1075 1362 1142 insimulationem
1438 1130 1445 1142 .

241 1205 308 1249 non
330 1182 436 1249 solum
461 1182 635 1251 cerebrosis
657 1184 929 1251 insinuationibus
959 1182 1016 1251 sed
1044 1182 1145 1250 firmis
1168 1184 1360 1252 testimoniis

241 1289 460 1377 comprobare.
502 1290 764 1358 Benedictionem
777 1291 972 1379 singularem
988 1291 1102 1358 Heliae
1118 1290 1226 1358 datam
1239 1291 1360 1372 retulit3

240 1396 376 1482 probent
387 1397 602 1463 narrationem
616 1397 768 1463 Thomas
782 1398 973 1464 contrariam
986 1419 1056 1463 esse
1070 1397 1204 1464 veritati.
1242 1397 1360 1477 Verba,

239 1524 322 1589 quae
334 1502 368 1569 in
379 1524 436 1569 ore
444 1502 552 1570 Sancti
560 1505 662 1591 ponit,
674 1502 819 1571 absolute
830 1502 1012 1571 authentica
1022 1525 1088 1570 non
1101 1504 1360 1591 contend0,quia

240 1608 307 1675 aliis
325 1610 360 1675 in
379 1608 458 1676 locis
473 1610 556 1677 dicta
568 1610 713 1677 eiusdem
727 1609 854 1677 videtur
873 1609 1087 1698 amplificare3
1106 1609 1163 1676 sed
1178 1610 1359 1698 quomod0‚

239 1737 369 1804 quaero,
385 1716 462 1784 dum
475 1717 554 1784 tanti
569 1734 659 1784 erant
670 1735 766 1784 testes
779 1716 935 1805 potuisset
954 1715 1141 1783 huiusmodi
1160 1715 1361 1784 benedictio·

239 1845 315 1891 nem
327 1823 573 1913 confingere?(¹)
609 1823 786 1913 Opponere
800 1824 915 1892 volunt
927 1823 1023 1891 hodie
1036 1824 1208 1891 narrationi
1218 1821 1255 1890 fr.
1266 1824 1360 1890 Tho·

239 1952 312 1997 mae
332 1931 506 2019 capitulum
529 1931 643 2022 Speculi
662 1931 846 2020 perfectionis
869 1933 902 1997 in
928 1953 994 2019 quo
1021 1928 1155 1997 refertur
1177 1929 1360 1997 benedictio

240 2037 312 2105 data
327 2036 364 2105 fr.
381 2036 542 2105 Bernardo
553 2059 571 2103 a
584 2037 794 2118 Quintavalle
806 2060 813 2103 :
827 2056 859 2107 at
871 2061 910 2103 ex
924 2037 977 2106 illa
990 2036 1213 2105 benedictione
1228 2038 1360 2125 speciali

240 2168 257 2210 a
276 2145 395 2212 Sancto
419 2145 525 2233 primo
547 2167 608 2212 suo
631 2146 721 2212 socio
745 2165 908 2226 concessa,
932 2144 1100 2233 quomodo
1124 2142 1267 2233 legitime
1283 2166 1360 2212 cort·

240 2250 378 2320 cluditur
394 2250 503 2318 fictam
528 2275 598 2319 esse
616 2273 687 2319 eam
710 2251 822 2319 Heliae
842 2250 961 2330 datam,
984 2273 1087 2339 quum
1104 2252 1287 2339 praesertim
1305 2251 1360 2316 ad-

239 2361 347 2425 iuncta
370 2357 533 2447 utriusque
556 2357 692 2447 probent
707 2356 829 2426 factum
845 2379 905 2424 nec
928 2356 1044 2424 eodem
1060 2357 1146 2440 loco,
1166 2381 1227 2425 uec
1242 2354 1360 2425 eodem

240 2485 385 2553 tempore
395 2464 599 2533 evenissem>
633 2465 670 2532 In
680 2464 835 2554 legenda
850 2464 1000 2547 secunda,
1013 2463 1163 2531 Thomas
1176 2465 1294 2532 iterum
1307 2463 1361 2531 be·

240 2570 457 2639 nedictionem
470 2569 617 2639 fratribus
630 2571 735 2638 datam
757 2591 873 2650 narrat,
888 2590 966 2640 tunc
980 2570 1111 2661 quidem
1128 2594 1194 2639 non
1220 2571 1359 2660 amplius

241 2677 368 2745 Heliam
388 2678 546 2759 nominat,
562 2677 619 2745 sed
634 2678 771 2765 primam
785 2676 1045 2746 benedictionem
1060 2678 1119 2766 ipsi
1136 2676 1245 2745 datam
1260 2676 1360 2744 fuisse

238 2784 394 2873 expressis
419 2782 521 2851 verbis
543 2802 694 2852 testatur:
723 2783 912 2871 «iucipiens
936 2806 953 2849 a
977 2784 1096 2850 vicario
1120 2805 1181 2852 suo
1206 2784 1360 2872 capitibus

239 2890 441 2980 singulorum
460 2890 659 2981 (dexteram)
675 2891 830 2977 imposuit
843 2916 875 2970 u,
893 2910 924 2958 et
939 2914 1021 2979 quae
1037 2892 1071 2958 in
1089 2890 1243 2980 Legenda
1258 2892 1360 2979 prima

238 2999 404 3087 scripserat
426 3021 492 3066 non
517 3016 673 3079 retractat,
688 2997 763 3065 licet
779 2999 1013 3064 correctionem
1029 3019 1086 3065 seu
1103 2999 1360 3066 attenuationem

240 3122 352 3192 ponat:
377 3131 393 3168 a
408 3124 443 3172 ut
466 3103 539 3172 alibi
562 3104 677 3193 scripta
696 3122 743 3171 est
759 3103 809 3194 (id
826 3122 874 3171 est
888 3103 921 3170 in
940 3105 1017 3191 Leg.
1036 3102 1068 3193 1)
1085 3103 1204 3193 aliquid
1218 3105 1361 3171 insonuit

239 3210 386 3299 speciale,
408 3211 464 3279 sed
487 3210 594 3298 potius
617 3209 657 3276 ad
681 3207 826 3277 officium
850 3208 1106 3299 detorquendam
1121 3238 1153 3278 n.
1168 3211 1203 3263 (³)

312 3423 354 3493 (ι)
374 3422 493 3476 lulianus
512 3423 544 3475 de
566 3424 652 3492 Spita,
671 3424 717 3495 qui
736 3436 799 3477 ante
819 3440 921 3476 annum
938 3438 1003 3492 1235
1021 3423 1163 3488 scribebat,
1176 3426 1359 3478 narrationem

242 3511 371 3566 Thomae
390 3524 531 3582 acceptare
551 3511 662 3575 videtur.
694 3512 819 3566 Analecta
834 3511 1010 3578 Bollundiana‚
1023 3525 1041 3565 t.
1058 3512 1133 3576 XXI,
1148 3530 1173 3583 p.
1198 3526 1256 3584 197,
1271 3531 1297 3566 n.
1312 3512 1358 3578 683

241 3600 308 3654 Acta
327 3599 370 3655 55.
389 3610 409 3655 t.
429 3598 453 3652 ll
472 3600 601 3665 octobris,
620 3617 645 3670 p.
665 3598 727 3669 663.
745 3617 772 3653 n.
792 3599 854 3654 620.

311 3688 355 3759 (2)
374 3687 531 3742 Benedictio
557 3688 652 3742 Heliae
678 3690 739 3763 data
763 3687 814 3741 fuit
837 3689 902 3742 dum
922 3689 1040 3743 Sanctus
1059 3688 1148 3742 adhuc
1168 3702 1293 3743 maneret
1311 3692 1361 3743 As·

240 3776 303 3842 sisii,
323 3777 350 3828 in
370 3775 470 3846 palatio
489 3777 609 3846 episcopi
630 3777 669 3846 (p.
691 3791 752 3847 ¹¹3²
772 3777 828 3841 24),
847 3776 984 3830 benedixit
1002 3775 1033 3830 fr.
1054 3776 1194 3829 Beruardo
1215 3789 1361 3847 postquam

238 3867 324 3921 fuerat
342 3868 370 3919 in
390 3866 452 3920 loco
472 3867 589 3920 Sanctae
608 3865 710 3919 Mariae
723 3868 756 3919 de
776 3865 953 3921 Portiuncula
966 3877 1127 3936 reportatus.
1158 3863 1202 3920 cf.
1220 3866 1362 3937 Speculum,

237 3957 279 4011 ed.
300 3955 451 4019 Salamiua,
470 3971 528 4024 cap.
551 3970 609 4023 107,
629 3966 656 4007 et
674 3955 833 4024 praesertim
853 3956 886 4007 ed
906 3953 1053 4019 Lanuens,
1068 3971 1093 4025 p.
1112 3969 1157 4019 42,
1176 3972 1203 4007 n.
1226 3969 1265 4023 17·
1300 3954 1363 4007 Bea-

237 4061 280 4099 tus
298 4044 457 4098 Franciscus
477 4056 534 4097 erat
552 4043 580 4096 iu
600 4043 661 4097 loco
681 4044 874 4098 Portiunculae
893 4058 919 4097 et
939 4043 1090 4097 Beruardus
1103 4044 1283 4097 erar‘Assisii.

311 4133 353 4202 (3)
373 4130 417 4188 Cf.
438 4148 462 4202 p.
485 4147 547 4202 332:
566 4146 642 4201 5-13.
662 4116 756 4185 —lta
777 4134 851 4185 enim
871 4132 986 4201 legenda
1006 4132 1162 4185 sunrverba
1177 4147 1246 4202 quae
1260 4132 1363 4203 primus

239 4222 328 4275 editor
346 4221 477 4275 mendose
497 4232 698 4291 reportaverat:
721 4233 775 4273 aut
788 4218 859 4285 alibi,
872 4227 979 4290 tempora
993 4222 1100 4274 enim...
1112 4240 1137 4272 u.
1175 4218 1257 4272 Error
1270 4219 1301 4272 P.
1320 4218 1363 4272 Ri-

240 4311 321 4378 naldi,
341 4312 368 4364 iu
391 4309 594 4364 transcribendo
614 4310 738 4363 codicem
757 4309 949 4374 Assisiensem,
973 4308 1059 4362 multa
1084 4306 1209 4362 convicia
1235 4307 1363 4361 Thomae

239 4401 386 4465 contraxit,
405 4414 473 4470 quae
492 4415 606 4470 pensare
625 4398 752 4452 deberent
770 4397 880 4452 illorum
899 4410 1031 4452 auctores.
