3142 4875
608 384 712 432 ΒΕΛΤΙ
741 384 926 434 FRANCISCI
1249 389 1320 440 211

211 622 261 695 ad
289 645 437 694 servum
458 646 564 692 suum
586 618 702 692 inutili
723 617 870 691 silentio
893 620 1125 700 subticenda.
1180 621 1326 695 Scimus

208 729 309 802 enim
338 752 469 800 omnes
497 727 560 823 qui
587 726 748 799 vidimus
785 751 898 822 quam
927 727 1054 823 quieta
1089 746 1127 801 et
1159 729 1323 825 pacifica,

210 836 332 908 donec
368 833 461 906 vixit
498 833 636 907 Christi
674 831 842 916 famulus,
879 833 1107 907 cucurrerint
1142 851 1323 933 tempora,

211 957 352 1039 quanta
388 940 675 1014 exuberaverint
709 939 876 1012 omnium
913 941 1099 1015 fertilitate
1128 942 1323 1016 bonorum.

158 1075 176 1139 5
209 1051 296 1122 Non
316 1049 415 1121 enim
435 1048 552 1121 fames
571 1046 676 1119 verbi
691 1045 776 1131 Dei,
799 1072 882 1118 cum
902 1046 1197 1144 praedicantium
1210 1050 1327 1123 verba

210 1172 298 1229 tunc
332 1155 493 1233 maxime
526 1152 661 1227 suerint
687 1153 798 1250 plena
829 1153 975 1239 virtute,
1002 1181 1084 1227 cum
1114 1156 1325 1229 auditorum

211 1263 325 1336 corda
352 1276 569 1334 cunctorum
598 1259 804 1357 probabilia
824 1261 960 1334 suerint
987 1261 1084 1335 Deo.
1141 1262 1327 1361 Exempla

210 1368 416 1442 sanctitatis
431 1366 669 1464 refulgebant
682 1366 719 1438 in
734 1365 909 1464 religiosa
928 1367 1103 1466 imagine,
1121 1395 1190 1443 nec
1209 1370 1325 1467 hypo

210 1476 314 1550 crisis
333 1473 589 1548 dealbatorum
605 1473 726 1547 adhuc
741 1473 920 1546 infecerat
938 1491 1088 1548 sanctos
1103 1492 1236 1561 tantos,
1256 1502 1324 1550 nec

139 1607 180 1654 ro
209 1583 321 1656 etiam
350 1582 519 1655 doctrina
548 1607 588 1654 se
620 1579 963 1678 transfigurantium
993 1583 1244 1655 curiositatem
1273 1584 1324 1656 in·

207 1693 365 1763 duxerat
391 1703 544 1762 tantam.
602 1687 738 1761 Merito
757 1687 915 1784 proinde
943 1689 1042 1762 bona
1067 1689 1321 1789 tempor[alia]

207 1796 458 1879 abundabant,
482 1820 565 1867 cum
585 1793 637 1867 sic
657 1809 811 1868 aeterna
830 1795 951 1869 forent
969 1821 1057 1869 vere
1086 1797 1258 1869 omnibus
1287 1797 1324 1869 in

208 1928 347 1977 amore.

291 2033 308 2102 5
316 2035 349 2103 3.
381 2008 536 2084 Sublato
561 2008 743 2104 siquidem
774 2008 845 2091 illo,
869 2032 977 2081 verso
1006 2009 1153 2105 penitus
1180 2009 1321 2095 ordine,

135 2139 173 2206 15
208 2115 402 2190 immutata
429 2132 515 2188 sunt
533 2115 675 2198 omnia3
707 2139 792 2187 nam
821 2114 917 2187 bella
937 2130 975 2187 et
1002 2114 1206 2188 seditiones
1225 2118 1324 2190 inva-

207 2224 309 2297 luere
339 2223 486 2320 ubique,
509 2240 547 2295 et
575 2221 804 2295 diversarum
826 2221 998 2293 mortium
1025 2238 1173 2320 strages
1201 2224 1324 2297 subito

209 2356 325 2428 regna
353 2329 459 2427 plura
487 2329 660 2427 pervasit,
716 2327 843 2401 Famis
872 2353 1021 2425 quoque
1049 2328 1260 2404 immanitas
1282 2355 1323 2404 se

207 2439 321 2537 longe
349 2440 497 2534 lateque
526 2436 680 2519 diffudit,
703 2453 741 2509 et
769 2436 884 2534 ipsius
912 2436 1120 2521 crudelitas,
1144 2464 1240 2534 quae
1269 2464 1324 2511 re-

206 2571 287 2618 rum
310 2545 476 2618 omnium
502 2544 725 2618 acerbitates
752 2562 964 2641 exsuperat,
987 2546 1187 2642 assumpsit
1210 2570 1323 2642 quam

136 2674 179 2722 20
208 2653 353 2725 multos.
412 2651 551 2726 Omnia
569 2651 668 2724 enim
685 2650 888 2723 necessitas
906 2667 994 2724 tunc
1010 2651 1119 2724 vertit
1135 2653 1170 2724 in
1186 2653 1321 2740 cibum,

206 2776 244 2833 et
272 2783 370 2856 quae
398 2758 515 2832 brutis
553 2783 626 2830 non
654 2758 767 2830 edere
797 2783 884 2830 usus
914 2757 979 2829 tuit
1008 2758 1179 2832 humanis
1212 2759 1324 2832 confi-

208 2866 340 2940 cienda
368 2866 542 2938 dentibus
571 2864 776 2961 ingerebat.
835 2865 981 2937 Nucurn
1004 2865 1188 2962 siquidem
1217 2867 1324 2939 testis

206 2990 246 3046 et
272 2974 446 3046 arborum
475 2971 674 3045 corticibus
703 2971 993 3043 conficiebantur
1012 2997 1139 3068 panes,
1163 2999 1231 3045 nec
1260 2971 1322 3045 filii

205 3098 373 3164 mortem,
392 3096 432 3152 ut
450 3078 623 3175 loquatur
642 3076 775 3161 mitius
799 3077 894 3150 sicut
913 3079 1147 3152 consessione
1167 3080 1323 3176 cui[us]·

136 3205 177 3272 25
207 3189 294 3261 dam
331 3186 469 3270 claruit,
507 3186 603 3258 same
632 3183 824 3281 compulsa
861 3201 1016 3281 paterna
1045 3185 1164 3281 pictas
1191 3187 1320 3260 doluit.

205 3379 319 3446 ctionis
340 3378 456 3446 Christi
482 3402 541 3446 suo
566 3401 659 3444 servo
682 3378 878 3444 revelaverat
901 3401 967 3445 non
989 3378 1170 3444 tacendum.
1219 3380 1323 3446 Mani·

205 3467 322 3535 festum
354 3488 402 3536 est
430 3470 518 3534 enim
549 3466 636 3555 quod
665 3466 742 3534 dum
767 3468 847 3533 vixit
879 3469 926 3534 vir
950 3469 1009 3534 Dei
1041 3465 1169 3534 fuerunt
1193 3468 1324 3554 pacifica

206 3577 362 3645 tempora,
387 3582 445 3624 nec
470 3554 571 3623 fames
592 3555 678 3622 verbi
704 3558 766 3623 Dei
787 3556 855 3634 luit,
876 3580 934 3623 nec
962 3558 1187 3623 alimentorum
1214 3581 1322 3624 neces·

206 3649 361 3713 sariorum
385 3647 424 3714 ad
448 3649 559 3713 vitam.
607 3646 670 3713 Sed
694 3646 749 3711 illo
776 3645 912 3728 sublat0,
933 3668 1025 3712 verso
1051 3646 1176 3732 penitus
1199 3648 1322 3726 ordine,

137 3762 176 3826 30
206 3737 374 3802 immutata
398 3756 472 3802 sunt
497 3736 618 3814 omnia,
650 3738 724 3823 quia
751 3734 831 3801 bella
848 3754 893 3800 *et
923 3735 1097 3801 seditiones
1121 3735 1323 3802 invaluerunt

208 3823 324 3910 ubique
348 3846 380 3891 et
411 3824 534 3891 lamis
526 3827 708 3890 immanitas
740 3848 774 3891 se
799 3825 896 3912 longe
927 3825 1050 3911 lateque
1074 3823 1209 3905 diffudit,
1235 3826 1323 3892 cuius

208 3913 375 3980 crudelitas
398 3937 493 4000 quam
520 3914 639 3979 multos
663 3917 844 4001 assumpsit.
856 3880 1019 3979 Tantus
1043 3915 1129 3978 enim
1159 3932 1230 4000 post
1255 3916 1322 3981 eius

207 4000 331 4068 obitum
349 4000 406 4069 fuit
423 4007 672 4069 necessariorum
686 4000 839 4079 defectus
853 4022 887 4068 ut
901 4026 1018 4068 nucum
1037 4002 1168 4068 testibus
1185 4023 1215 4068 et
1232 4001 1322 4068 arbo·

207 4113 276 4157 rum
299 4090 466 4158 corticibus
487 4090 720 4158 conficerentur
739 4116 847 4179 panes,
867 4113 897 4158 et
924 4115 1004 4178 quae
1025 4091 1123 4157 brutis
1143 4115 1208 4157 non
1228 4093 1320 4158 edere

135 4208 172 4274 35
209 4203 284 4246 usus
312 4179 369 4246 fuit
404 4180 554 4246 humanis
590 4180 790 4247 conficienda
821 4181 1006 4247 dentibus
1002 4200 1156 4267 ingereret
1180 4202 1322 4247 extrema

278 4366 520 4434 11.Atcmporibus
578 4368 856 4437 17.quoque]Rergo
913 4368 1135 4438 adloquamur
1191 4368 1319 4433 24-25.A

206 4443 310 4497 cuidam
