3142 4875
275 358 351 430 274
652 365 825 415 neutuna
852 366 1019 415 secunus

965 476 1397 484 ———--—-—-—--

268 614 345 670 stra
378 596 484 670 lateri
514 597 663 671 confixo
700 599 886 695 applicata
925 601 1075 674 beatam
1113 600 1212 673 illam
1241 601 1394 698 plagam

268 704 433 803 tegebat.
501 704 665 798 Quidam
694 731 784 778 vero
821 705 902 778 eius
930 706 1054 780 socius
1090 709 1179 780 dum
1208 706 1395 804 scalperet

269 812 400 908 ipsum,
432 836 544 884 manu
572 811 716 885 vulneri
746 810 876 908 illapsa
896 838 1077 911 magnum
1098 816 1131 887 ei
1151 813 1320 887 dolorem
1341 814 1394 888 in·

267 919 371 989 llixit.
419 918 528 991 Alter
542 918 694 1014 quidam
715 919 762 991 de
782 919 967 1002 fratribus,
987 920 1134 994 curiosa
1153 921 1393 1018 inquisitione

270 1025 371 1097 nisus
390 1025 518 1098 videre
539 1026 640 1122 quod
655 1026 736 1098 aliis
754 1041 835 1099 erat
854 1028 1125 1111 absconditum,
1149 1027 1243 1100 dixit
1262 1045 1393 1101 sancto
1413 1047 1417 1056 '
1424 1053 1441 1117 5

268 1131 363 1228 patri
384 1130 444 1204 die
459 1134 641 1230 quadam:
663 1132 791 1206 Placet
811 1158 857 1205 ne
873 1132 949 1217 tibi,
968 1152 1085 1230 pater,
1104 1152 1144 1205 ut
1158 1134 1393 1207 excutiamus

269 1239 433 1311 tunicam
444 1238 567 1311 tuam?
584 1238 653 1311 Cui
670 1255 836 1312 sanctus:
850 1240 1048 1313 Retribuat
1062 1241 1127 1314 tibi
1137 1242 1253 1325 Deus,
1266 1243 1389 1325 frater,

269 1345 447 1441 quoniam
472 1345 625 1444 indigeo
654 1346 817 1442 quidem.
875 1346 942 1421 Illo
962 1348 1087 1444 itaque
1116 1374 1157 1420 se
1177 1352 1391 1444 ex[ue]nte‚

269 1451 420 1525 attentis
433 1451 550 1524 oculis
565 1454 678 1526 irater
692 1452 903 1551 inspiciens,
916 1480 1136 1552 expressum
1152 1455 1245 1528 vidit
1257 1457 1393 1529 vulnus
1477 1465 1481 1472 ’

270 1558 306 1630 in
335 1558 461 1632 latere.
519 1559 591 1631 Hic
619 1561 720 1633 solus
739 1560 832 1632 vidit
852 1562 888 1633 in
908 1562 993 1647 vita,
1017 1580 1249 1635 caeterorum
1271 1562 1394 1653 nullus
1428 1586 1466 1633 10

270 1691 389 1762 usque
417 1683 504 1763 post
532 1683 700 1740 mortem.

472 2061 545 2159 [De
571 2060 798 2133 occultandis
827 2059 1061 2158 virtutibus}
1121 2059 1183 2131 Cl.

355 2297 437 2366 139.
468 2271 611 2344 Taliter
646 2271 760 2343 homo
798 2270 866 2343 iste
895 2296 1045 2343 omnem
1081 2271 1251 2368 gloriam,
1292 2297 1391 2369 quae

269 2380 459 2455 Christum
489 2404 563 2451 non
592 2393 750 2476 saperet,
783 2378 1037 2461 abiuraverat;
1068 2379 1190 2452 taliter
1218 2379 1391 2453 humanis

267 2488 455 2560 favoribus
483 2503 678 2560 aeternum
707 2486 939 2583 irrogaverat
968 2486 1178 2559 anathema.
1238 2485 1390 2559 Sciebat
1424 2513 1460 2577 15

265 2594 387 2667 famae
402 2594 562 2690 pretium
583 2592 834 2690 conscientiae
853 2607 1039 2665 secretum
1060 2592 1237 2675 minuere,
1260 2592 1388 2691 longe·

266 2726 340 2797 que
355 2702 572 2774 damnosius
586 2700 686 2772 abuti
701 2725 812 2796 quam
830 2725 957 2773 carere
968 2699 1178 2772 virtutibus.
1223 2699 1390 2798 [Sciebat

267 2833 342 2879 non
373 2807 553 2879 minorem
573 2806 747 2879 virtutem
777 2832 890 2902 quam
919 2832 1102 2903 quaerere
1130 2823 1238 2905 parta
1260 2807 1385 2906 tueri].

266 2914 366 2987 Heu!
396 2915 444 2987 ad
473 2912 579 3011 plura
608 2939 675 2985 nos
694 2915 840 2986 vanitas
860 2938 972 3009 quam
1002 2914 1164 2986 charitas
1192 2930 1385 3010 provocat,

265 3036 303 3095 et
333 3020 470 3093 Christi
500 3019 617 3093 amori
646 3019 837 3117 praevalet
872 3021 977 3093 lavor
1005 3021 1144 3093 mundi.
1218 3020 1388 3095 Affectus
1419 3044 1460 3091 20

266 3153 339 3201 non
369 3126 622 3211 discernimus,
646 3126 796 3225 spiritus
825 3152 898 3199 non
932 3127 1144 3225 probamus,
1168 3144 1206 3200 et
1235 3154 1317 3200 cum
1348 3129 1384 3201 in

263 3252 389 3309 actum
418 3235 538 3334 gloria
557 3260 654 3307 vana
678 3233 907 3331 compulerit,
931 3234 1111 3306 charitate
1131 3251 1306 3332 putamus
1326 3234 1387 3307 eli-

265 3344 389 3416 citum.
447 3343 563 3414 Porro
588 3341 620 3413 si
651 3340 739 3414 boni
768 3340 827 3414 vel
855 3367 987 3439 parum
1016 3342 1217 3437 egerimus,
1239 3343 1387 3437 pondus

264 3450 344 3522 eius
360 3449 456 3522 serre
472 3474 545 3521 non
561 3473 770 3544 possumus,
783 3446 1017 3544 quo[d]libet
1032 3448 1120 3521 illud
1137 3473 1387 3521 exoneramus

264 3557 446 3642 viventes,
478 3572 515 3628 et
543 3557 591 3627 ad
612 3554 780 3627 ultimum
806 3555 907 3628 littus
926 3554 1140 3627 amittimus.
1199 3557 1388 3628 Patienter
1416 3576 1455 3643 25

266 3663 418 3736 ferimus
447 3688 520 3735 non
552 3688 635 3735 esse
663 3662 801 3746 bonos;
834 3687 908 3734 non
929 3660 1056 3745 videri,
1081 3688 1154 3735 non
1175 3662 1287 3746 credi,
1310 3662 1386 3759 pati

180 3812 181 3815 ¹
265 3797 339 3844 non
360 3770 457 3846 licet.
506 3769 567 3841 Sic
596 3784 714 3841 totum
745 3768 781 3840 in
811 3768 982 3841 laudibus
1002 3769 1194 3842 hominum
1214 3768 1383 3854 vivimus,

265 3878 352 3975 quia
382 3876 470 3949 nihil
500 3876 600 3949 aliud
629 3901 741 3973 quam
770 3876 942 3949 homines
970 3902 1110 3948 sumus.

339 4104 358 4139 1.
376 4086 409 4137 Μ
422 4087 547 4157 applicita
620 4086 645 4142 6.
666 4088 753 4157 pater]
770 4087 804 4139 Μ
817 4087 897 4141 frater
970 4104 994 4151 7.
1012 4090 1041 4141 Μ
1057 4087 1191 4142 Dominus
1206 4096 1228 4142 et
1243 4106 1291 4142 om.
1307 4087 1388 4141 frater

264 4168 288 4220 8.
304 4167 329 4218 A
345 4179 459 4219 exeunte
535 4184 576 4221 12.
591 4167 623 4218 Μ
635 4185 683 4219 om.
699 4169 799 4221 titulum
815 4170 859 4237 qui
874 4167 1010 4221 desumitur
1028 4187 1057 4221 ex
1078 4170 1182 4224 Rubri
1189 4171 1217 4221 cr'
1222 4186 1245 4234 s,
1266 4168 1318 4221 vid.
1334 4179 1388 4238 sup.

261 4256 286 4316 p.
307 4249 362 4300 162.
445 4246 642 4313 14.erilibus
722 4248 1166 4316 17-18.Aom.8ciebat-tueri
1242 4248 1390 4318 19-28.M

265 4342 313 4377 one.
327 4327 384 4379 ileu
397 4345 517 4381 -sumus
587 4344 628 4381 21.
640 4329 660 4381 R
672 4329 830 4381 discutimus
901 4344 942 4398 23·
955 4328 975 4381 R
987 4329 1092 4399 agimus
1165 4330 1242 4395 2414
1254 4329 1387 4399 quoslibet
