3142 4875
628 352 905 401 pnoxnoounna
1263 319 1324 401 ixi

214 619 218 624 -
268 575 369 644 Index
392 575 594 643 rubricarum
617 596 673 666 seu
699 573 864 641 titulorum
896 593 1019 661 septem
1043 575 1161 661 primas
1193 575 1324 663 paginas

200 683 290 771 quasi
317 685 441 772 integre
466 670 620 769 occupat.
632 701 663 748 et
686 681 847 768 Prologus
870 704 943 768 pag.
960 703 979 768 7
997 704 1117 748 novem
1134 681 1235 747 lineae
1253 699 1325 747 ante

202 789 268 856 lolii
294 788 393 856 linem
427 789 551 877 incipit,
579 787 723 855 librarius
748 789 835 854 enim
860 788 1033 855 intervallis
1057 789 1196 876 pepercit
1226 788 1325 855 modo

202 920 277 964 uere
299 894 513 964 franciscan0.

271 1002 429 1070 Codicem
453 1004 667 1070 Assisiensem
692 1001 872 1086 secundum
895 1024 977 1090 opus
1001 1001 1037 1068 Ir.
1062 1002 1213 1069 Thomae
1237 1023 1325 1090 prae-

203 1109 277 1177 bere
306 1111 410 1178 nullus
443 1110 569 1198 estqui
594 1109 739 1197 ambigit,
767 1129 799 1177 et
831 1109 955 1176 nodum
979 1112 1010 1176 in
1035 1111 1139 1196 scirpo
1170 1128 1326 1199 quaerunt

203 1217 323 1305 ntiqui
348 1235 484 1285 movent
515 1217 739 1304 quaestionem
770 1217 803 1282 in
832 1219 1039 1285 contrarium.
1096 1218 1213 1306 Incipit
1239 1219 1325 1284 eninr

203 1325 343 1412 Prologo
381 1348 479 1413 quem
521 1342 701 1390 memorant
736 1323 897 1391 Chronica
936 1324 1051 1391 XXIV
1093 1324 1322 1391 Generalium:

209 1433 362 1500 «Placuit
383 1451 513 1499 sauctae
538 1432 790 1499 universitati...
807 1431 875 1497 ».(¹)
921 1431 1102 1498 Salimbene
1117 1430 1211 1498 refert
1231 1431 1325 1498 huius

206 1541 337 1608 secundi
362 1542 470 1627 operis
494 1539 621 1606 titulum
647 1536 744 1604 fuisse
768 1562 784 1598 α
800 1537 988 1604 Memoriale
1012 1538 1093 1604 beati
1118 1539 1275 1604 francisci
1291 1538 1325 1603 in

157 1649 159 1653 ⁴
205 1645 363 1712 desiderio
388 1646 546 1713 animae»
570 1662 601 1712 et
626 1646 658 1711 in
683 1644 794 1712 codice
817 1644 955 1732 legimus
979 1646 1123 1732 «Incipit
1138 1644 1325 1711 memoriale

201 1752 232 1818 in
257 1750 414 1820 desiderio
433 1752 558 1820 animae
582 1750 621 1817 de
641 1753 737 1840 gestis
761 1769 793 1819 et
818 1751 919 1818 verbis
938 1752 1127 1818 sanctissimi
1145 1753 1240 1838 patris
1264 1774 1321 1817 uo·

203 1860 257 1925 stri
281 1859 445 1926 Francisci
459 1885 490 1925 u.
537 1857 637 1924 Nullo
657 1857 762 1924 obstat
786 1856 887 1923 modo
904 1857 991 1944 qnod
1012 1855 1087 1924 dicit
1110 1857 1195 1923 idem
1211 1857 1326 1923 Salim·

204 1965 295 2043 bene,
319 1966 440 2033 scilicet
466 1964 634 2030 Thomam
659 1988 677 2028 a
713 1962 836 2030 Celano
866 1963 1027 2049 scripsisse
1057 1963 1171 2029 librum
1196 1982 1263 2029 tam
1287 1960 1326 2028 de

204 2072 362 2139 mitaculis
386 2095 485 2161 quam
505 2071 544 2137 de
570 2072 635 2136 vita
653 2071 754 2137 sancti
773 2071 945 2150 Francisci,
961 2093 1059 2157 quem
1075 2069 1243 2157 appellavit
1259 2070 1325 2135 Me·

205 2181 337 2247 mariale.
386 2180 529 2267 Scriptor
551 2180 638 2245 enim
662 2179 714 2245 ille
738 2178 777 2245 de
797 2200 893 2264 opere
918 2179 1080 2266 completo
1104 2178 1256 2245 Thomae
1279 2178 1326 2245 lo-

204 2288 320 2375 quimr‚
332 2286 407 2353 licet
419 2286 478 2353 snb
495 2284 621 2353 duobus
635 2283 848 2352 Generalibus
864 2285 1016 2351 ministris
1032 2285 1126 2353 luerit
1138 2285 1326 2372 perfectum,

206 2396 249 2463 uti
266 2416 362 2483 supra
379 2392 518 2461 diximus
536 2415 609 2460 cum
627 2392 797 2461 Chronicis
813 2391 929 2459 XXIV
945 2391 1169 2474 Generalium;
1186 2394 1324 2481 primurn

204 2520 373 2569 tractatum
391 2501 430 2567 de
449 2503 512 2568 vita
528 2518 560 2567 et
576 2500 680 2567 verbis
695 2520 727 2566 et
742 2499 921 2566 intentione
945 2501 1044 2566 sancti
1069 2500 1227 2567 Francisci
1245 2502 1325 2568 circa

205 2632 240 2675 ea
258 2632 339 2697 quae
363 2608 523 2696 pertinent
540 2606 579 2673 ad
598 2605 756 2695 Regulam
776 2607 899 2694 scripsit
914 2606 1043 2673 iubente
1064 2608 1261 2689 Crescentio,
1276 2631 1325 2675 se·

206 2714 348 2783 cundum
368 2733 475 2781 autem
496 2731 664 2781 tractatum
681 2711 720 2779 de
740 2711 898 2779 miraculis
915 2715 1098 2801 composuit
1116 2714 1325 2801 praecipiente

205 2824 328 2890 Ioanne
352 2844 370 2889 a
394 2824 519 2888 Parma.
567 2820 662 2888 Unde
693 2818 878 2888 Salimbene
912 2820 1053 2908 legitime
1079 2820 1184 2887 dicere
1208 2823 1325 2909 potuit:

208 2931 373 3019 aScripsit
406 2927 656 3017 pulcherrimum
679 2926 796 2994 librum
822 2946 887 2993 tam
912 2926 951 2993 de
976 2927 1134 2995 miraculis
1160 2934 1257 3015 qnam
1286 2929 1326 2996 de

204 3038 269 3103 vita
284 3060 382 3125 quem
408 3035 575 3124 appellavit
596 3034 832 3113 Memoriales,
848 3036 925 3123 quin
942 3033 1026 3101 alind
1042 3056 1123 3122 opus
1139 3037 1325 3124 inquiretur.

271 3142 583 3210 Massiliensis.
631 3141 704 3209 Hoc
721 3142 857 3208 nomine
875 3141 1059 3229 designatus
1075 3138 1134 3207 luit
1150 3141 1188 3207 ab
1205 3140 1326 3209 editore

205 3249 375 3317 Tractatus
394 3249 623 3316 miraculorum
642 3250 676 3315 in
693 3248 844 3315 Analcttis
859 3248 1070 3314 Bollundianis
1086 3247 1182 3335 (tom.
1198 3249 1325 3329 XVIII,

206 3381 255 3445 pp.
274 3356 421 3446 81-176)
438 3355 541 3423 codex
554 3356 631 3422 olim
643 3354 861 3427 bibliothecae
877 3356 1025 3443 principis
1040 3355 1227 3421 Baithasaris
1241 3357 1326 3423 Bon-

207 3465 389 3552 compagni,
406 3485 515 3551 quem,
533 3485 606 3530 cum
627 3461 755 3529 vendita
778 3461 840 3527 fuit
862 3461 1091 3543 illalcollectio,
1108 3464 1188 3529 emit
1206 3463 1241 3530 P.
1262 3463 1327 3529 Lu-

207 3568 337 3637 dovicus
361 3570 523 3637 Antonius
547 3592 564 3634 a
588 3570 759 3649 Bruntuto,
784 3566 946 3635 Definitor
965 3569 1130 3636 Generalis
1156 3567 1238 3637 Ord.
1265 3571 1326 3637 Mi·

206 3701 320 3746 norum
344 3676 615 3765 capuccinorum.
672 3676 786 3761 Codex
819 3676 921 3745 dictus
946 3698 994 3745 est
1024 3677 1229 3744 Massiliensis
1251 3678 1327 3765 quia

205 3990 306 4053 nensis,
332 3990 387 4043 hac
405 3989 433 4042 iu
454 3988 571 4043 editione
587 3985 657 4061 pag.
677 3992 880 4057 241228-242:
896 4007 917 4045 1.
955 3990 1086 4043 Praedicti
1107 3988 1163 4043 folii
1182 3990 1327 4059 photogra-

205 4077 293 4145 phiam
314 4078 435 4150 pluribus
454 4078 551 4131 tradidi
575 4080 674 4150 peritis,
693 4081 738 4151 qui
760 4083 834 4133 varie
852 4080 1015 4151 interpretati
1035 4093 1098 4132 sunt
1126 4079 1199 4132 hunc
1225 4079 1328 4141 locum,

205 4184 283 4237 quent
303 4169 390 4221 codex
409 4166 585 4222 Massiliensis
601 4170 789 4240 praetermisit.

272 4256 315 4326 (r)
335 4257 413 4310 quta
432 4256 572 4310 Chronica
599 4258 727 4330 prologus
747 4258 855 4327 incipit:
880 4258 1012 4311 «Placuit
1031 4268 1139 4310 sanctae
1160 4256 1328 4310 universitati

204 4359 340 4399 vestrae».
378 4344 409 4398 ln
430 4345 524 4399 codice
544 4347 703 4401 Assisiensi:
724 4347 857 4400 «Placuit
876 4358 987 4400 sauctae
1007 4344 1171 4398 universitati
1192 4344 1259 4397 olim
1284 4362 1327 4397 ca-

205 4434 277 4504 pituli
297 4434 432 4506 generalis
451 4447 477 4489 et
495 4436 571 4489 vobis
585 4457 609 4489 u.
