3142 4875
686 332 966 382 PROLEGOMENA

276 557 280 564 ’
332 555 400 637 Qui
420 554 588 622 Thornam
608 578 625 621 e
646 554 774 622 Cellino
799 554 1046 622 denominatum
1070 555 1185 622 volunt
1208 579 1383 644 argumen-

186 709 189 718 .,
218 741 220 744 ι
256 679 331 729 tum
349 662 522 730 desumunt
541 685 580 729 ex
597 662 825 750 orthographia
845 662 992 730 vocabuli
1012 662 1096 751 apud
1113 662 1309 743 Salimbene,
1325 667 1381 752 qui

96 779 104 792 ‘¹
124 795 137 822 v
208 755 218 768 ”
260 768 367 836 scribit
392 769 571 838 Cellanum.
619 768 682 837 Sed
706 769 880 857 duplicatio
903 773 1110 837 consonantis
1131 771 1289 836 Luocem
1314 794 1381 837 non

260 876 421 958 immutat,
451 879 533 944 sicut
565 899 631 944 non
655 879 843 944 immutatur
867 900 924 943 usu
950 876 1118 965 diphtongi
1139 900 1185 958 ae,
1208 896 1240 944 et
1262 880 1380 966 quovis

189 965 207 986 ⁸
261 983 361 1051 modo
373 984 919 1064 scribarur‚Caelanum,Cellanum
931 1003 962 1050 er
975 985 1381 1073 etiamSelanum,semper

143 1141 169 1172 ,.
233 1089 345 1156 videm
370 1109 473 1170 sonat,
504 1090 591 1179 quod
623 1090 683 1156 dici
712 1091 824 1178 nequit
848 1090 887 1157 de
911 1112 993 1156 voce
1018 1091 1155 1158 Cellin0.
1209 1091 1306 1159 Unde
1332 1092 1379 1159 ad

259 1195 342 1266 hanc
365 1199 619 1285 suppositionem
647 1197 840 1264 fulciendam
875 1219 941 1263 non
978 1197 1016 1264 ad
1050 1217 1263 1265 monumenta
1294 1219 1379 1265 certa

258 1324 434 1384 recurrunt,
450 1303 506 1372 sed
521 1305 560 1372 ad
577 1304 781 1371 traditionem
802 1303 951 1384 localem,
969 1306 1188 1372 monumentis
1212 1306 1380 1374 destructis

258 1411 490 1494 confirmatam,
508 1412 557 1479 vel
573 1412 793 1479 instrumentis
812 1412 1003 1500 apocryphis
1019 1415 1063 1479 uri
1079 1432 1154 1480 sunt
1173 1413 1225 1478 illa
1241 1413 1280 1479 ad
1296 1436 1379 1502 quae

258 1517 446 1587 deveni0.(¹)

322 1627 398 1694 Non
423 1626 529 1692 solum
554 1625 641 1693 enirn
661 1625 696 1691 fr.
716 1625 883 1691 Thomant
901 1644 1144 1692 conterraneum
1163 1625 1377 1705 contendunt,

256 1731 433 1799 sedetiam
457 1753 600 1800 asserunt
624 1756 699 1800 eum
725 1756 741 1797 a
765 1736 860 1820 stirpe
881 1733 1123 1803 Castelleonum
1140 1732 1377 1825 (Castiglione)

256 1840 352 1908 fnisse
372 1843 530 1930 genitum,
546 1861 577 1908 et
592 1841 670 1909 illud
686 1842 855 1930 probatum
876 1860 987 1928 putant
1004 1839 1145 1929 quodam
1166 1840 1375 1924 documento,

256 1947 381 2015 labente
412 1947 539 2016 saeculo
563 1970 619 2015 xvr
645 1948 796 2027 conficto,
819 1949 906 2036 quod
940 1948 1089 2013 historiae
1116 1949 1159 2013 ita
1188 1948 1376 2014 contradicit

255 2073 290 2121 ur
313 2056 433 2121 nullam
458 2075 617 2122 mereatur
641 2053 749 2136 fidem,
774 2074 805 2121 et
829 2056 918 2122 cuius
949 2075 1058 2121 auctor
1088 2057 1229 2142 ingenue
1260 2054 1377 2122 fatetur

254 2185 288 2229 se
310 2162 389 2228 illud
423 2164 630 2249 assumpsisse
654 2162 692 2228 ab
716 2164 853 2250 antiquis
886 2163 1046 2250 scripturis
1074 2181 1106 2228 et
1136 2165 1302 2250 praecipue
1334 2187 1374 2228 ex

253 2270 395 2356 quodam
429 2271 643 2337 instrumento
667 2269 754 2358 quod
778 2289 856 2336 tunc
880 2292 946 2336 non
978 2270 1114 2357 amplius
1141 2270 1373 2350 inveniebatur,

252 2375 308 2443 sed
332 2377 419 2465 quod
444 2377 574 2464 legerat,
593 2395 625 2444 et
645 2378 818 2444 memoriae
844 2376 1096 2445 mandaverat.(²)
1141 2377 1226 2444 Vere
1249 2378 1303 2465 qui
1327 2396 1373 2444 ra·

252 2483 334 2550 libus
355 2487 498 2551 contenti
517 2503 601 2563 sunt,
622 2484 719 2551 critici
739 2507 852 2552 sensus
871 2506 939 2551 sese
955 2486 1078 2552 ieiunos
1096 2486 1326 2551 demonstrant.

252 2657 306 2697 tota
322 2646 408 2698 iaceat
422 2645 529 2714 Apulia,
547 2646 665 2713 Burgum
682 2644 777 2699 Celani
790 2646 817 2697 in
832 2645 988 2714 Capitinam
1003 2644 1154 2715 significare
1168 2646 1259 2698 locum
1276 2646 1372 2699 Cellirro

250 2733 302 2786 San
322 2734 412 2785 ,liarco
432 2734 459 2785 in
478 2735 590 2803 regione
612 2734 792 2797 brundusina,
817 2732 934 2803 proferre
960 2749 1017 2786 non
1042 2734 1179 2786 auderem.
1221 2733 1283 2786 Non
1308 2734 1370 2786 inde

250 2833 342 2874 tarnen
359 2834 517 2892 vsequeretur
538 2824 631 2876 Callisto
652 2824 678 2875 in
697 2824 819 2875 custodia
841 2822 974 2875 Pennensi
993 2822 1113 2889 legitime
1132 2821 1215 2874 latine
1232 2822 1298 2875 verti
1320 2822 1371 2876 Ce-

252 2910 355 2973 lanum,
374 2912 507 2979 originem
528 2914 600 2965 eninr
621 2913 744 2965 vocabuli
764 2924 888 2982 repetunt
907 2930 922 2964 a
942 2911 1036 2965 Sileno
1057 2912 1155 2963 bacchi
1178 2913 1297 2964 nutritio.

321 3004 363 3068 (1)
383 3000 425 3053 Cl.
440 3002 555 3054 cronaca
568 3003 670 3067 tetrafita
683 3019 776 3054 ortem
791 3002 899 3054 rirerrbe
911 3003 1014 3054 slnritlre
1027 3019 1053 3054 stt
1067 3002 1091 3052 lat
1105 3009 1197 3054 verrula
1211 3001 1236 3052 di
1251 3002 1274 3054 5.
1287 3003 1370 3054 Fron-

248 3107 312 3143 cesm
329 3090 354 3141 di
370 3091 449 3144 Assisr'
468 3094 494 3143 in
514 3091 603 3153 Penne,
623 3090 667 3161 pel
687 3091 715 3142 P.
730 3090 894 3144 Costantino
916 3091 1043 3143 barocco
1061 3092 1086 3142 di
1101 3090 1285 3160 Caporciano,
1304 3093 1369 3143 min.

248 3178 395 3243 riformato,
415 3180 522 3251 Napoli,
545 3180 620 3249 1876.
659 3182 730 3233 Inter
747 3181 799 3233 alia
819 3181 882 3233 dicit
902 3181 929 3233 P.
951 3181 1080 3234 Baioccn:
1103 3181 1189 3234 «Che
1206 3182 1250 3250 poi
1266 3195 1369 3234 cotesta

248 3269 336 3321 antica
350 3271 577 3324 denominazione
591 3269 634 3322 del
647 3287 728 3341 paese
740 3269 848 3323 Cellino
861 3272 899 3322 sia
914 3287 986 3334 uera,
997 3287 1030 3321 ne
1044 3269 1126 3322 fanno
1141 3270 1249 3321 indubia
1264 3286 1368 3339 pruova

249 3358 337 3411 alcuni
360 3361 454 3411 aranzi
474 3360 500 3412 di
520 3359 631 3429 epigrafi
651 3360 701 3413 clte
720 3361 934 3428 soprauivevano
958 3377 1059 3412 ancora
1079 3358 1123 3411 nel
1142 3359 1302 3429 principiare
1324 3360 1367 3413 del

247 3447 375 3516 volgente
395 3448 487 3501 secolo
507 3450 580 3517 (xlx)
599 3465 629 3501 su
649 3449 764 3518 preziosi
785 3449 886 3501 cimelii
906 3450 931 3501 di
951 3449 1041 3501 tarole
1064 3449 1189 3517 pitturate
1209 3450 1367 3517 (sgraziata

246 3551 337 3588 mente
362 3552 419 3589 ona
444 3538 556 3601 temris)
579 3554 630 3590 ove
660 3537 727 3590 colla
755 3538 861 3589 dizione
890 3538 973 3589 latina
994 3537 1118 3599 Callanus,
1138 3535 1319 3605 significavasi
1347 3537 1368 3590 il

246 3624 381 3677 moderno
406 3642 420 3675 e
445 3638 559 3693 purgato
580 3624 689 3677 Cellinus
713 3642 730 3677 o
750 3624 881 3685 Callian»,
901 3642 984 3695 quant
1013 3626 1190 3678 assertionem
1221 3624 1367 3678 confirmat

246 3713 422 3765 solummodo
438 3713 531 3765 dicens
547 3714 616 3765 hanc
632 3714 802 3766 traditionem
820 3714 944 3766 babuisse
961 3714 987 3765 in
1003 3712 1122 3767 Cellino:
1139 3712 1251 3765 «Notiz.
1266 3715 1366 3767 raccol.

244 3801 272 3853 in
293 3801 573 3866 Cellino›>.-'I'01³t³1,
593 3804 728 3855 Bibliotetu
747 3803 912 3873 Napoletanu,
930 3802 1038 3872 Napoli,
1058 3802 1133 3869 1658,
1149 3802 1309 3870 simpliciter
1328 3802 1367 3855 al·

245 3889 348 3941 firmat:
370 3910 383 3937 n
397 3890 520 3943 Tomaso
544 3891 576 3942 de
596 3890 705 3943 Cellino
726 3892 828 3955 (enon
850 3892 884 3943 da
904 3891 1046 3957 Celano)»
1068 3902 1094 3942 et
1117 3890 1172 3942 uult
1192 3892 1365 3945 emendatam

248 3978 361 4048 «quella
382 3978 508 4047 panton
527 3979 555 4032 de
576 3979 704 4045 Caleno»,
724 3999 748 4051 p.
770 3995 829 4049 295.

314 4069 355 4137 (2)
377 4070 439 4121 Duo
459 4070 616 4141 apographa
637 4089 732 4141 parum
752 4073 820 4123 inter
836 4089 865 4123 se
878 4071 980 4123 diversa
997 4071 1077 4123 huius
1093 4072 1265 4123 instrumenti
1280 4088 1365 4123 asset·

244 4159 300 4209 vari
319 4158 383 4211 dicit
398 4159 426 4212 P.
442 4158 558 4212 Baiocco
581 4162 606 4211 in
624 4161 708 4213 domo
724 4158 937 4223 Castelleonum,
951 4178 1019 4231 quae
1040 4178 1087 4230 per
1106 4173 1247 4213 extensum
1263 4160 1364 4213 referre

244 4246 351 4315 longius
382 4246 457 4309 soret,
482 4249 526 4300 sed
552 4266 666 4318 quorum
694 4263 808 4319 partem,
832 4267 901 4320 quae
927 4251 960 4302 ad
987 4267 1042 4302 rem
1073 4251 1175 4316 attinet,
1200 4251 1365 4303 verbotenus

243 4337 370 4404 praebeo:
394 4336 497 4390 «Pater
517 4338 673 4392 Franciscus
693 4343 725 4391 Α.
741 4338 773 4390 D.
794 4354 861 4392 1222
881 4341 907 4391 in
928 4341 969 4391 nis
989 4340 1107 4409 partibus
1126 4340 1223 4390 ductus
1244 4338 1275 4391 ad
1297 4356 1363 4391 con-

242 4423 372 4476 ciliandos
387 4436 411 4476 er
426 4428 559 4493 pacandos
572 4427 708 4480 Dominus
721 4428 857 4480 Pallearae
872 4428 1058 4505 Castelleones
1070 4428 1115 4495 (ul.
1129 4440 1258 4496 patronos
1271 4427 1363 4480 Pallae
