3142 4875
634 437 738 484 uuam
766 434 952 484 enaucrsct
1279 416 1348 507 165

603 747 650 813 Ile
670 759 773 813 sancta
793 747 987 835 simplicitate.

233 870 302 939 Sub
313 871 375 937 hoc
388 870 479 937 titulo
491 869 675 937 describitur
686 893 767 959 quae
776 873 817 938 sit
825 894 899 938 cera
908 873 1102 960 simplicitas.
1114 895 1133 940 1.
1142 873 1196 964 (C.
1207 874 1355 966 CXLII)

236 979 287 1044 De
301 975 396 1044 fratre
409 977 533 1043 Ioanne
545 977 699 1065 simplice.
715 998 747 1044 11.
764 976 860 1067 (Cap.
876 976 1040 1069 CXLIII).

234 1086 286 1150 De
306 1085 425 1151 unitate
438 1105 534 1171 quam
556 1103 683 1151 sanetus
703 1083 833 1151 fovebat
852 1086 884 1150 in
904 1084 985 1166 filiis,
1004 1086 1042 1152 de
1057 1110 1119 1175 qua
1139 1088 1197 1154 sub
1214 1087 1353 1177 quodam

304 1191 467 1278 enigmate
482 1190 607 1258 locutus
624 1211 681 1258 est.
699 1212 745 1258 111.
762 1190 857 1281 (Cap.
877 1192 1037 1282 CXLIV).

237 1296 384 1376 Qualiter
397 1317 525 1364 sanctus
542 1298 607 1364 radi
624 1296 762 1364 volebat.
781 1319 840 1365 ιιιι.
858 1299 953 1388 (Cap.
972 1300 1114 1391 CXLV).

236 1406 287 1472 De
308 1406 434 1492 magnis
455 1405 574 1471 clericis
595 1406 786 1472 intrantibus
811 1405 970 1486 ordinem,
989 1409 1122 1495 qualiter
1147 1407 1276 1475 volebat
1298 1433 1354 1477 eos

301 1513 504 1598 expropriari.
524 1531 554 1577 v.
577 1511 672 1602 (Cap.
695 1510 855 1602 CXLVI).
916 1524 924 1539 '

235 1618 382 1702 Qualiter
406 1618 534 1686 volebat
557 1643 613 1686 eos
639 1620 811 1699 addiscere,
836 1640 866 1686 et
890 1620 1023 1709 qualiter
1049 1625 1137 1689 socio
1161 1622 1352 1711 praedicanti

160 1753 202 1799 10
299 1729 450 1814 apparuit.
477 1725 572 1816 (Cap.
600 1726 777 1815 CXLVII).

494 1879 542 1945 De
565 1879 765 1946 devotionibus
788 1880 963 1968 specialibus
984 1883 1088 1947 saneti.

231 2003 298 2071 Sub
322 2005 384 2070 hoc
409 2005 501 2070 titulo
527 2006 709 2071 continetur
731 2006 866 2092 qualiter
890 2002 1083 2071 afficiebatur
1107 2004 1238 2071 audiens
1265 2028 1351 2072 amo·

297 2133 364 2177 rem
388 2112 462 2178 Dei.
488 2132 508 2177 1.
528 2111 624 2200 (Cap.
652 2110 847 2201 CXLVIII).

235 2220 285 2285 De
309 2217 483 2285 devotione
512 2219 550 2284 ad
576 2220 730 2306 Angelos
756 2219 886 2306 etquid
919 2240 1028 2284 amore
1052 2222 1150 2285 sancti
1185 2217 1350 2285 Michaelis

156 2359 199 2423 15
294 2323 440 2392 faciebat.
464 2346 497 2391 ιι.
523 2325 618 2415 (Cap.
645 2325 804 2414 CXLIX).

231 2436 281 2508 De
301 2433 475 2502 devotione
495 2436 533 2500 ad
554 2436 731 2502 Dominam
752 2455 892 2501 nostram
915 2437 964 2501 eui
989 2434 1166 2523 specialiter
1185 2436 1348 2502 commisit

295 2540 453 2607 ordinem.
474 2561 519 2607 ιιι.
541 2541 636 2630 (Cap.
659 2541 757 2631 CL).

229 2649 280 2715 De
297 2648 471 2715 devotione
488 2647 527 2715 ad
543 2649 740 2715 nativitatem
758 2649 876 2716 Christi
894 2651 1000 2736 inqua
1017 2650 1144 2716 volebat
1157 2650 1346 2737 pauperibus

295 2773 327 2821 et
344 2756 441 2822 eriam
457 2756 646 2823 animalibus
663 2756 762 2823 multa
778 2755 931 2843 praeberi.
949 2778 1007 2822 1111.
1025 2756 1120 2846 (Cep.
1141 2755 1241 2845 CLI).

233 2862 282 2928 De
300 2860 475 2928 devotione
495 2884 571 2949 erga
586 2884 701 2950 corpus
719 2863 849 2929 Christi.
867 2884 897 2927 V.
915 2861 1010 2952 (Cap.
1028 2863 1146 2952 CLII).

231 2969 282 3035 De
298 2968 471 3035 devotione
488 2969 527 3036 ad
543 2969 689 3056 reliquias
705 2989 900 3036 sanctorum.
918 2990 960 3035 tr.
977 2967 1072 3058 (Cap.
1092 2968 1227 3059 CLIII).

228 3077 278 3142 De
295 3076 467 3143 devotione
491 3077 530 3144 ad
551 3100 676 3144 crucem
702 3076 791 3143 etde
815 3078 955 3164 quodam
982 3076 1109 3144 occulto
1133 3099 1344 3146 sacramento

293 3183 388 3273 (cap.
408 3182 539 3272 cert).

553 3329 602 3394 De
622 3329 803 3417 pattperibos
826 3329 1011 3396 doctrinales.

150 3482 192 3548 25
227 3454 294 3521 Sub
312 3453 373 3520 hoc
390 3454 483 3520 titulo
499 3456 629 3543 ponitur
640 3454 773 3542 qualiter
789 3474 915 3520 sanctus
932 3456 977 3521 eis
994 3456 1138 3541 promisit
1154 3474 1341 3544 perpetuum

292 3560 457 3640 auxilium,
483 3578 514 3625 et
533 3560 667 3648 qualiter
690 3560 756 3646 ipse
782 3560 909 3626 volebat
933 3564 1110 3627 conversari
1135 3561 1244 3629 iratres
1267 3584 1338 3628 cum

290 3668 346 3733 eis.
365 3689 384 3733 1.
402 3666 498 3756 (Cap.
517 3666 632 3755 CLV).

225 3773 418 3862 Exemplum
436 3772 474 3840 de
492 3772 617 3840 duobus
633 3772 788 3839 fratribus.
807 3794 839 3839 ιι.
858 3775 953 3863 (Cap.
972 3774 1105 3861 CLVI)

225 3881 274 3946 De
294 3879 526 3967 praedicatione
546 3902 644 3968 quam
665 3881 768 3968 magis
788 3881 936 3968 exemplo
956 3903 1053 3968 quam
1074 3879 1171 3947 verbo
1191 3881 1236 3946 eis
1256 3878 1340 3947 fecit.

149 4017 194 4082 30
290 3986 385 4076 (Cap.
413 3985 562 4076 CLVII).

478 4129 525 4194 De
544 4130 792 4196 commendatione
812 4130 929 4215 regulae
942 4131 1088 4220 fratrum.

223 4253 288 4320 Sub
313 4254 376 4322 hoc
399 4255 491 4322 titulo
516 4257 646 4342 ponitur
669 4254 855 4342 exemplum
879 4254 980 4320 fratris
1003 4254 1057 4341 qui
1080 4251 1140 4319 Iuit
1164 4273 1293 4340 martyr.
1318 4273 1338 4318 1.

287 4360 385 4452 (Cap.
412 4360 577 4452 CLVIII).

222 4469 272 4535 De
296 4468 422 4536 visione
446 4491 543 4557 quam
568 4470 608 4535 de
632 4468 739 4556 regula
764 4487 892 4534 sanctus
914 4467 1004 4534 vidit.
1030 4466 1125 4556 (Cap.
1153 4465 1285 4554 CLIX).
