3142 4875
257 317 269 365 l
285 317 329 383 14
648 319 820 367 LEGENDA
849 319 959 367 PRIMA

299 660 405 750 Quid
409 660 506 755 fecit
522 669 557 731 et
569 659 676 732 dixit
702 659 850 755 quondo
856 659 1027 753 feliciter
1053 659 1155 737 obiit.
1212 658 1309 731 VIII.

330 896 411 969 109.
436 872 588 944 Divina
617 871 801 944 revelatio,
860 870 1129 945 Conversionis
1156 897 1247 944 suae
1275 889 1367 945 tem·

247 1004 317 1076 pus
345 977 418 1051 iam
445 996 526 1051 erat
545 977 676 1075 viginti
705 1003 887 1050 annorum
903 977 1024 1075 spatio
1054 994 1364 1065 consummatum,

247 1087 342 1159 sicut
376 1084 445 1157 sibi
490 1084 616 1158 divina
651 1085 863 1157 innotuerat
891 1083 1091 1157 voluntate.
1156 1086 1253 1158 Nam
1282 1113 1366 1159 cum

251 1193 329 1291 ipse
348 1192 481 1266 beatus
500 1207 606 1288 pater
633 1207 671 1263 et
698 1192 812 1264 frater
830 1191 969 1275 Helias,
1000 1208 1171 1289 tempore
1188 1194 1363 1288 quodam,
1396 1228 1413 1292 5

250 1299 350 1397 apud
379 1298 602 1396 Fulgineum
640 1314 884 1382 morarentur,
926 1315 1036 1371 nocte
1071 1300 1242 1395 quadam,
1281 1325 1365 1372 cum

249 1431 290 1479 se
319 1407 444 1506 sopori
480 1405 681 1487 dedissent,
721 1404 864 1477 adstitit
892 1404 993 1478 fratri
1023 1404 1155 1478 Heliae
1190 1407 1366 1479 sacerdos

249 1512 400 1609 quidam
429 1510 523 1585 albis
550 1511 710 1595 indutus,
738 1511 978 1609 grandaevae
1006 1537 1050 1584 ac
1080 1528 1280 1609 provectae
1306 1538 1366 1586 ae·

248 1619 345 1701 tatis,
375 1635 529 1715 aspectu
558 1618 793 1701 venerabilis,
824 1618 975 1690 dicens:
1007 1619 1140 1716 Surge,
1173 1620 1294 1703 irater,
1328 1635 1366 1692 et

248 1726 307 1799 dic
336 1726 437 1799 fratri
466 1725 677 1808 Francisco,
699 1724 877 1820 quoniam
906 1725 1045 1822 expleti
1072 1742 1158 1798 sunt
1176 1726 1307 1799 decem
1327 1743 1366 1798 et
1400 1760 1439 1806 10

248 1849 334 1906 octo
353 1831 440 1905 anni
456 1857 502 1905 ex
518 1856 593 1928 quo
609 1831 749 1904 mundo
769 1831 995 1915 renuntians
1015 1831 1164 1905 Christo
1183 1831 1361 1918 adhaesit,

249 1956 286 2012 et
314 1941 461 2012 duobus
488 1956 633 2011 tantum
662 1939 768 2011 annis
798 1938 933 2010 dehinc
953 1939 989 2011 in
1010 1939 1079 2011 hac
1109 1939 1184 2012 vita
1209 1965 1365 2012 manens

249 2046 347 2119 viam
370 2046 565 2119 universae
586 2044 716 2127 carnis,
738 2063 898 2117 vocante
919 2045 1039 2141 ipsum
1059 2046 1106 2117 ad
1126 2071 1167 2117 se
1187 2045 1362 2130 Domino

249 2153 423 2226 introibit.
482 2152 618 2249 Sicque
639 2153 848 2224 factumest
868 2167 909 2223 ut
927 2177 1050 2224 sermo
1071 2152 1233 2236 Domini,
1253 2178 1364 2249 quern

249 2261 312 2332 diu
331 2275 418 2332 ante
439 2258 684 2355 praedixerat,
703 2257 905 2331 constituto
924 2258 1083 2331 termino
1103 2259 1361 2355 compleretur.
1397 2294 1437 2358 15

250 2368 345 2441 Cum
384 2365 497 2464 igitur
532 2365 569 2439 in
611 2365 693 2439 loco
731 2364 799 2438 sibi
837 2364 947 2439 valde
988 2363 1201 2440 desiderato
1236 2365 1364 2463 paucis

248 2473 451 2570 quievisset
479 2472 610 2546 diebus
630 2490 668 2545 et
696 2490 944 2570 cognosceret
964 2490 1112 2569 tempus
1131 2474 1364 2570 propinquae

181 2593 183 2597 ‘
249 2579 377 2652 mortis
406 2580 554 2664 instare,
585 2580 733 2653 vocavit
759 2580 808 2651 ad
845 2605 886 2652 se
920 2581 1014 2652 duos
1042 2580 1173 2652 fratres
1210 2595 1248 2653 et
1277 2606 1365 2654 suos

248 2687 341 2759 filios
369 2686 559 2783 speciales,
582 2685 816 2783 praecipiens
835 2686 889 2759 eis
917 2687 964 2759 de
996 2699 1114 2759 morte
1142 2686 1363 2785 propinqua,

248 2794 361 2866 immo
390 2795 437 2866 de
465 2793 542 2865 vita
569 2793 621 2864 sic
650 2793 832 2890 proxima,
864 2794 900 2865 in
938 2793 1186 2866 exsultatione
1215 2794 1365 2891 spiritus
1394 2826 1437 2873 20

246 2899 321 2973 alta
331 2926 423 2972 voce
439 2899 568 2973 laudes
583 2899 749 2972 Domino
763 2900 975 2973 decantare.
1025 2901 1109 2997 lpse
1128 2925 1230 2985 ver0,
1254 2917 1365 2998 prout

247 3007 376 3104 potuit,
408 3007 445 3079 in
483 3004 583 3078 illum
612 3007 836 3078 Davidicum
867 3006 1049 3103 psalmum
1088 3008 1227 3105 erupit:
1259 3008 1365 3081 Voce

248 3139 342 3198 mea,
386 3113 514 3210 inquit,
559 3114 607 3185 ad
649 3113 855 3186 Dominum
885 3114 1052 3199 clamavi,
1083 3140 1177 3187 voce
1205 3141 1289 3188 mea
1317 3116 1366 3187 ad

250 3219 487 3320 [Dominum]
520 3221 743 3317 deprecatus
762 3246 855 3292 sum.
915 3221 1046 3293 Frater
1068 3238 1193 3294 autem
1213 3223 1366 3318 quidam

323 3515 345 3550 1.
364 3497 404 3560 H,
425 3498 446 3551 R
469 3494 553 3558 Quod
579 3492 672 3548 lecerit
695 3507 722 3547 et
746 3495 857 3552 dixerit:
880 3495 921 3547 Ox
942 3493 1017 3558 Quid
1036 3491 1127 3546 lecerit
1146 3507 1171 3546 et
1190 3493 1253 3563 quid
1274 3493 1367 3547 dixerit

248 3577 368 3649 quando]
389 3576 409 3629 R
430 3589 455 3628 et
474 3575 615 3645 quomodo
684 3573 758 3636 Quid
771 3574 874 3643 ·obiit]
898 3575 932 3628 Os
952 3575 993 3626 De
1013 3574 1087 3626 obitu
1107 3586 1131 3626 et
1151 3585 1237 3627 morte
1257 3575 1368 3627 sanctis-

247 3660 307 3712 simi
328 3658 410 3728 patris
430 3655 562 3709 francisci
638 3672 660 3723 3.
679 3656 714 3709 Os
729 3673 778 3708 om.
797 3657 884 3726 spatio
939 3655 1174 3723 consummatum]
1192 3656 1212 3708 Ρ
1227 3654 1368 3708 confirma·

247 3751 303 3792 turn
378 3755 402 3802 4.
416 3736 479 3807 sibi]
495 3739 529 3791 Os
541 3737 577 3788 ibi
653 3753 675 3804 5,
691 3736 837 3801 05,Pom.
851 3737 944 3788 beatus
994 3735 1086 3787 Helias
1099 3749 1221 3805 tempore
1236 3735 1366 3805 quodam]

249 3821 284 3873 Os
303 3818 373 3871 illius
393 3832 512 3888 tempore
532 3815 669 3887 quondam
743 3814 767 3869 6.
789 3817 833 3868 AS
850 3827 877 3867 et
895 3828 976 3868 nocte
1050 3815 1074 3867 8.
1090 3814 1248 3885 provectae]
1270 3815 1291 3868 P
1310 3832 1367 3887 per·

247 3899 333 3953 lectae
407 3915 431 3966 9.
452 3899 481 3950 ,ll
499 3911 623 3966 aspectus
679 3895 868 3951 Hom.lrater
945 3910 983 3949 ιο.
999 3893 1085 3963 fratri]
1103 3897 1133 3947 ll
1146 3895 1366 3956 sancto;Hom.

247 3979 389 4052 quoniam]
412 3980 453 4033 Ox
472 3978 544 4049 quod
620 3992 660 4031 12.
681 3978 711 4029 ll
729 3995 777 4030 om.
798 3976 874 4028 annis
926 3976 1037 4044 dehinc]
1060 3977 1101 4028 Ox
1122 3975 1209 4027 adhuc
1287 3975 1366 4045 13.R
1435 4043 1436 4048 Ἰ

247 4060 305 4130 ipso
344 4059 377 4111 Os
391 4057 423 4110 ad
437 4075 467 4113 se
482 4057 570 4127 ipsum
648 4071 677 4120 ¹4
703 4055 850 4120 H,RDei
927 4053 1193 4125 16.igitur]Rergo
1268 4071 1307 4123 17.
1322 4055 1369 4110 AS

247 4139 428 4209 propinquum
523 4137 563 4190 18.
581 4138 657 4206 suos]
680 4137 714 4190 Os
733 4136 802 4187 duos
900 4150 939 4202 19·
959 4134 1101 4204 speciales]
1124 4136 1158 4198 E,
1175 4135 1229 4200 Or,
1253 4136 1273 4188 Ρ
1292 4136 1366 4206 spiri·

247 4218 333 4271 tuales
424 4233 465 4271 20.
485 4217 584 4286 immo]
605 4218 634 4269 ll
652 4216 738 4268 nimio
830 4214 1060 4266 21.lliamalta
1151 4230 1192 4268 22.
1213 4215 1246 4268 Μ
1261 4214 1327 4268 illud
1346 4223 1368 4268 et

248 4296 448 4366 mnpsalmum
540 4295 880 4364 23.meai.]Lmagnai.
935 4293 1190 4365 ,lS,Eom.inquit
1278 4295 1365 4360 ²43,

250 4376 375 4429 PDeum
