3142 4875
602 376 704 424 enarr
734 375 918 425 rnnncrscr
1243 359 1318 446 369

213 485 564 492 ffl.—-.—..........
577 486 785 493 .--——
979 489 989 494 .-
1001 487 1239 496 m

202 637 313 707 quam
327 611 652 683 accommodarem
669 611 774 683 vobis
788 610 1004 708 plaustrum.
1046 613 1233 685 Poenitnit
1248 632 1320 687 sta·

200 719 265 790 tim
296 717 484 789 hominem
514 718 669 790 verbum
689 733 816 790 tantae
837 717 1090 815 blasphemiae
1107 722 1317 816 protulisse,

201 842 239 896 et
267 824 479 919 percutiens
521 850 563 896 os
601 850 719 906 suum,
751 823 1043 898 misericordiam
1082 828 1316 923 precabatur.

202 931 375 1002 Timebat
403 930 503 1002 enim
535 956 579 1002 ne
600 931 690 1003 ultio
711 947 940 1026 sequeretur,
963 932 1057 1003 sicut
1077 951 1114 1003 et
1139 934 1205 1004 fuit
1233 960 1320 1030 pro·

153 1064 168 1126 5
201 1037 298 1110 tinus
336 1038 546 1109 subsecuta.
618 1039 737 1109 Nocte
780 1037 871 1110 vidit
914 1037 948 1110 in
992 1038 1132 1111 somnis
1165 1040 1318 1114 domum

201 1169 305 1216 suam
336 1144 483 1240 plenam
512 1144 599 1214 viris
629 1163 666 1215 et
694 1143 919 1224 mulieribus,
945 1146 1102 1218 choreas
1131 1170 1215 1218 cum
1246 1173 1318 1219 ma·

201 1277 276 1350 gna
297 1249 511 1322 iubilatione
540 1250 772 1322 ducentibus
832 1249 1040 1324 Infirmatus
1060 1269 1116 1324 est
1136 1251 1259 1325 statim
1281 1254 1319 1325 fi-

201 1359 270 1430 lius
290 1357 379 1435 eius.
399 1358 547 1428 nomine
564 1357 773 1452 GapharuS,
793 1373 831 1428 et
850 1383 970 1453 pauco
991 1357 1111 1454 spatio
1128 1358 1232 1454 lapso
1247 1362 1318 1455 spi-

201 1464 310 1536 ritum
330 1463 529 1540 exhalavit.
587 1464 728 1536 Versae
749 1481 835 1535 sunt
855 1465 1025 1547 choreae,
1048 1491 1141 1561 quas
1160 1466 1315 1549 viderat,

138 1597 173 1642 ro
202 1572 236 1643 in
267 1574 440 1643 funereos
469 1570 597 1653 luctus,
630 1587 669 1643 et
703 1569 869 1643 iubilatio
905 1571 940 1642 in
975 1571 1188 1643 lamentum.
1247 1573 1319 1647 Re·

201 1679 376 1750 cordatus
395 1695 452 1750 est
472 1676 725 1773 blasphemiae
755 1703 865 1773 quam
893 1679 928 1749 in
947 1694 1088 1750 -sancto
1117 1678 1318 1752 Francisco

201 1785 415 1882 spiraverat,
439 1803 477 1856 et
501 1811 622 1882 poena
643 1785 770 1856 docuit
789 1810 900 1880 quam
922 1785 1047 1882 gravis
1068 1785 1178 1856 luerit
1197 1786 1316 1881 culpa.

202 1890 449 1963 Volutabatur
477 1917 544 1988 per
573 1894 736 1974 humum,
760 1907 798 1962 et
817 1907 985 1963 sanctum
1008 1891 1245 1964 Franciscu'm
1269 1894 1319 1964 in-

200 2024 335 2070 vocare
365 1997 513 2094 penitus
543 2023 615 2069 non
645 1998 826 2076 cessabat.
858 2015 897 2069 et
924 1997 1089 2070 dicebat:
1122 1998 1208 2096 Ego
1236 2026 1317 2071 sum

135 2131 170 2193 15
201 2106 262 2201 qui
293 2106 456 2201 peccavi,
489 2130 546 2176 me
568 2104 758 2200 flagellare
777 2103 949 2176 debuisti.
1009 2105 1152 2186 Redde,
1177 2123 1315 2188 sancte,

202 2213 273 2285 iam
304 2210 519 2308 poenitenti,
551 2237 663 2307 quem
692 2210 874 2283 abstulisti
897 2210 1009 2308 impie
1029 2209 1316 2307 blasphemanti.

202 2319 286 2390 Tibi
316 2343 376 2390 me
405 2319 531 2400 redd0,
564 2318 636 2388 tuis
667 2342 724 2388 me
754 2317 944 2413 obsequiis
973 2343 1121 2414 semper
1154 2344 1315 2414 expono.

202 2427 298 2498 Nam
328 2443 365 2497 et
393 2424 644 2523 primogenita
679 2442 812 2497 cuncta
853 2451 1002 2523 semper
1043 2425 1195 2498 offeram
1238 2426 1315 2498 tibi.

202 2533 297 2604 hlira
326 2558 395 2604 res.
467 2532 530 2604 Ad
559 2534 651 2603 haec
679 2532 794 2603 verba
830 2532 990 2604 surrexit
1018 2558 1121 2629 puer,
1151 2553 1190 2605 et
1217 2534 1318 2628 plan·

132 2668 173 2713 20
202 2657 300 2711 ctum
330 2640 532 2736 prohibens
560 2662 710 2710 causam
740 2637 864 2711 retulit
903 2666 993 2711 suae
1023 2639 1161 2711 mortis.
1221 2640 1317 2712 Cum

202 2762 369 2819 mortuus
397 2772 530 2826 essem,
562 2744 689 2841 inquit,
722 2745 824 2817 venit
854 2747 985 2817 beatus
1017 2746 1248 2823 Franciscus
1281 2765 1319 2819 et

199 2854 307 2924 duxit
336 2878 394 2925 me
437 2878 504 2948 per
546 2852 640 2923 viam
685 2852 882 2924 obscuram
925 2871 964 2924 et
1006 2854 1156 2950 longam
1197 2855 1316 2926 valde.

200 2960 349 3031 Deinde
378 2959 502 3056 posuit
532 2959 646 3031 mein
667 2960 830 3054 quodam
856 2959 1027 3031 viridario
1048 2977 1123 3031 tam
1144 2986 1315 3044 amoen0,

198 3086 273 3137 tam
295 3066 515 3145 delectabili,
538 3067 639 3161 quod
658 3083 758 3138 totus
780 3067 941 3137 mundus
960 3068 992 3138 ei
1015 3067 1221 3164 comparari
1244 3093 1317 3139 non

128 3200 168 3263 25
198 3191 335 3269 posset.
396 3173 561 3244 Reduxit
590 3198 648 3243 me
688 3192 819 3267 postea
857 3199 923 3268 per
952 3174 1123 3245 eamdem
1153 3174 1250 3244 viam
1281 3191 1318 3245 et

198 3280 290 3351 dixit
321 3279 422 3351 mihi:
455 3280 659 3350 Revertere
693 3278 740 3350 ad
775 3295 918 3373 patrem
953 3299 1055 3351 tuum
1086 3297 1123 3352 et
1161 3298 1317 3352 matrem

197 3402 310 3458 tuam.
369 3387 466 3458 Nolo
487 3386 585 3458 enim
607 3404 643 3457 te
663 3385 721 3457 hic
741 3385 900 3481 amplius
919 3388 1097 3458 detinere.
1149 3387 1196 3457 Et
1216 3412 1314 3469 ecce,

197 3494 292 3565 sicut
321 3495 352 3564 ei
384 3495 530 3588 placuit,
562 3519 644 3564 sum
674 3518 857 3568 reversus,

278 3622 338 3689 44.
372 3601 411 3670 ln
441 3601 589 3672 civitate
620 3600 786 3695 Capuae,
818 3602 906 3671 dum
929 3625 1021 3693 puer
1042 3599 1193 3692 quidam
1221 3599 1318 3668 circa

126 3739 167 3803 30
197 3707 313 3802 ripam
344 3706 515 3778 Vulturni
545 3707 706 3778 fluminis
735 3705 1011 3801 cumpluribus
1041 3705 1234 3783 iocaretur,
1268 3704 1317 3775 in·

198 3832 328 3885 cautus
366 3814 412 3885 de
450 3813 530 3909 ipsa
558 3839 623 3885 ora
652 3813 812 3884 fluminis
842 3812 974 3883 cecidit
1004 3813 1039 3882 in
1080 3810 1314 3906 profundum.

198 3920 320 4013 Quem
344 3919 504 3991 fluminis
533 3921 694 4015 impetus
723 3920 893 3991 celeriter
921 3944 1065 3997 vorans,
1090 3918 1158 3987 sub
1187 3916 1319 3988 sabulo

199 4044 382 4099 mortuum
404 4026 583 4123 sepelivit.
643 4026 961 4097 proclamantibus
992 4025 1115 4119 pueris
1144 4024 1206 4119 qui
1234 4050 1318 4095 cum

196 4160 241 4206 eo
271 4134 471 4205 alluserant
500 4133 597 4206 circa
626 4134 773 4209 flumen,
800 4132 862 4202 viri
886 4131 987 4203 multi
1014 4151 1051 4203 et
1076 4130 1249 4203 mulieres
1269 4132 1316 4202 ad

124 4277 161 4341 35
195 4242 317 4313 locum
339 4241 513 4313 velociter
542 4257 788 4317 accesserunt,
813 4255 850 4311 et
879 4241 924 4310 de
946 4264 1032 4310 casu
1055 4239 1158 4335 pueri
1180 4238 1313 4319 edocti,
1382 4249 1387 4259 ’

196 4347 366 4419 flebiliter
384 4347 684 4442 proclamabant:
703 4347 838 4418 Sancte
860 4346 1069 4429 Francisce,
1089 4346 1203 4416 redde
1225 4370 1316 4440 pue-

195 4480 275 4526 rum
306 4455 400 4550 patri
430 4470 468 4526 et
496 4479 577 4535 av0,
610 4453 768 4525 servitiis
798 4453 1069 4524 desudantibus
1100 4451 1181 4523 tuis.
1240 4452 1317 4521 Re-

263 4657 296 4701 24
