3142 4875
265 368 354 416 XXVI
689 365 966 417 PROLEGOMENA

260 590 369 678 illique
386 587 426 655 ad
443 590 562 656 crimen
580 604 708 655 vertum
724 587 857 656 consilia
879 586 996 676 quibus
1015 606 1201 654 nascentem
1223 586 1386 657 Ordinem

262 694 302 762 ad
325 713 448 764 rectum
478 697 537 762 iter
559 693 729 782 dirigebat,
750 695 841 782 quasi
861 693 900 760 ad
923 693 1065 761 alienum
1089 692 1190 761 linem
1212 693 1305 761 illum
1329 695 1385 763 de·

262 801 414 870 duxisset.
461 799 557 869 Unde
576 798 776 889 Legendam,
796 821 906 889 quam,
931 798 1062 866 iubente
1080 798 1135 866 illo
1151 798 1191 866 ad
1208 800 1385 868 Summum

262 908 490 976 Pontificatum
514 925 641 986 evecto,
661 907 888 995 conscriptam,
902 925 934 973 et
953 905 991 973 ab
1014 906 1070 973 illo
1087 906 1306 994 approbatam,
1324 907 1386 975 hoc

261 1016 333 1101 ipso
355 1014 535 1090 sinceritate
555 1031 729 1093 carentem,
753 1032 847 1100 atque
867 1033 934 1078 non
950 1011 1128 1101 genuinam
1143 1012 1253 1080 Sancti
1271 1012 1387 1102 imagi-

262 1144 351 1202 nem,
370 1119 426 1188 sed
443 1119 531 1186 iuxta
548 1119 664 1189 Curiae
688 1117 803 1206 placita
822 1117 1102 1185 accommodatam
1122 1136 1154 1186 et
1172 1116 1386 1187 deformatam

262 1245 510 1316 repraesentare,
524 1225 762 1293 conclamitant.
803 1224 861 1292 Oh
876 1226 954 1291 mira
966 1226 1091 1292 criticae
1100 1225 1295 1294 subiectivae
1308 1249 1385 1295 con·

264 1334 383 1401 clusio!
427 1332 512 1400 Sane
528 1331 678 1398 Thomas
694 1354 770 1397 eum
784 1353 883 1419 quem
896 1331 1083 1419 excogitant
1096 1332 1301 1400 franciscum
1317 1354 1384 1400 non

264 1441 422 1529 depinxit;
439 1440 551 1507 clarius
564 1462 639 1522 egum
653 1437 847 1507 catholicum
865 1437 1014 1520 ostendit,
1031 1461 1129 1527 quam
1141 1459 1176 1507 ut
1188 1441 1303 1528 scripta
1315 1443 1385 1508 eius

264 1547 437 1614 detrectare
453 1568 520 1613 non
540 1544 596 1613 fiat
614 1546 690 1634 ipsis
706 1545 932 1612 necessarium.
972 1543 1047 1626 Sed,
1071 1568 1203 1634 quaeso,
1227 1547 1385 1636 numquid

264 1654 343 1720 haec
366 1672 414 1720 est
432 1674 508 1719 sana
528 1671 562 1719 et
583 1651 681 1740 proba
700 1652 818 1734 critica,
841 1673 924 1740 quae
950 1652 983 1718 in
1008 1652 1199 1719 testimoniis
1227 1676 1294 1722 non
1318 1673 1385 1721 tam

265 1760 432 1827 veritatem
456 1782 553 1848 quam
577 1760 770 1848 opinionum
795 1757 1080 1847 praeiudicatarum
1106 1759 1385 1828 confirmationem

264 1866 409 1955 quaerit?

330 1971 428 2039 Tales
452 1970 641 2061 persuadere
666 1993 733 2039 non
756 1993 869 2060 sper03
891 1990 1083 2059 quapropter
1106 1994 1146 2038 ne
1166 1990 1292 2061 tempus
1315 1973 1387 2040 inu·

263 2079 359 2147 tiliter
382 2079 573 2160 insumatur,
597 2077 637 2145 ad
660 2080 775 2167 scripta
798 2076 900 2144 fratris
924 2078 1077 2145 Thomae
1100 2097 1238 2148 transeo.
1296 2159 1298 2164 ι

331 2187 357 2253 Ι.
381 2186 430 2253 De
452 2186 590 2274 Legenda
609 2187 722 2274 prima.
746 2223 792 2235 -
819 2185 983 2253 «lubente
1017 2185 1153 2253 domino
1187 2206 1219 2253 et
1241 2185 1385 2274 glorioso

265 2295 350 2381 Papa
363 2294 553 2380 Gregorio»
577 2292 716 2380 primam
733 2291 920 2379 Legendam
935 2293 1072 2360 scribere
1088 2312 1221 2362 testatur
1236 2293 1386 2361 Thomas

264 2401 297 2467 in
322 2399 405 2467 illius
429 2398 576 2489 prologo.
618 2398 692 2466 Hoc
716 2396 804 2466 idem
827 2398 906 2468 dixit
924 2398 1103 2468 Bernardus
1121 2422 1138 2467 a
1155 2401 1264 2469 Bessa:
1286 2402 1387 2469 «Ple-

264 2530 342 2574 nam
370 2507 539 2574 virtutibus
566 2504 650 2573 beati
679 2506 837 2573 Francisci
868 2508 968 2574 vitam
987 2508 1111 2594 scripsit
1140 2509 1315 2597 exquisitae
1338 2512 1388 2576 vit

266 2613 468 2701 eloquentiae
479 2611 516 2679 fr.
531 2612 729 2692 Thomasus,
741 2613 871 2680 iubente
887 2612 1023 2681 domino
1041 2614 1201 2703 Gregorio
1217 2638 1306 2682 nono
1318 2616 1387 2682 ».(¹)

266 2719 458 2786 Mandatum
483 2717 560 2786 illud
585 2716 813 2799 honorificum,
831 2719 1056 2786 verosimiliter
1080 2721 1160 2787 cirta
1184 2738 1312 2810 tempus
1335 2743 1388 2788 ca·

265 2824 478 2892 nonizationis
503 2824 612 2890 Sancti
638 2843 817 2912 acceptum,
841 2823 929 2891 brevi
953 2845 1100 2914 tempore
1124 2827 1274 2914 explevit,
1298 2851 1387 2909 nam,

265 2955 321 2999 sex
341 2930 505 2998 mensibus
517 2931 631 3019 elapsis
647 2949 721 3019 post
736 2932 893 2999 solemnia
910 2933 1021 2999 Assisii
1039 2934 1204 3018 celebrata,
1224 2959 1305 3024 opus
1322 2954 1388 3002 erat

266 3037 442 3127 perlectum
466 3059 496 3105 et
521 3039 661 3106 Summo
686 3037 848 3117 Pontifici,
872 3061 939 3127 quo
962 3040 1090 3108 iubente
1123 3041 1224 3109 fuerat
1248 3045 1387 3110 conscri-

266 3164 369 3233 ptum,
388 3145 464 3212 illud
483 3145 600 3213 obtulit
622 3164 745 3227 auctor,
765 3147 810 3212 uti
836 3166 961 3214 constat
984 3149 1095 3215 notula
1118 3150 1252 3237 quaein
1276 3148 1387 3218 codice

267 3253 434 3319 Parisiensi
459 3252 497 3319 ad
522 3251 642 3319 calcem
669 3252 839 3340 Legendae
855 3255 1026 3321 invenitur.
1069 3254 1193 3339 «Apud
1217 3257 1386 3324 Petusium

265 3356 339 3424 felix
360 3359 522 3424 Dominus
538 3359 625 3447 Papa
649 3359 825 3445 Gregorius
850 3382 966 3442 nonus,
991 3359 1134 3428 secundo
1153 3362 1285 3451 gloriosi
1306 3385 1386 3451 pon·

265 3463 403 3532 tifrcatus
427 3463 476 3530 sui
510 3487 608 3546 anno,
638 3466 751 3553 quinto
776 3464 929 3533 kalendas
960 3468 1063 3534 martii
1087 3468 1145 3555 (25
1179 3468 1256 3536 febr.
1286 3469 1386 3558 1229)

267 3569 437 3659 legendam
461 3569 546 3638 hanc
568 3571 696 3659 recepit,
729 3571 933 3639 confirmavit
968 3592 999 3639 et
1033 3576 1156 3643 censuit
1183 3572 1251 3643 fore
1275 3594 1386 3643 tenen·

267 3677 342 3744 dam
356 3704 386 3744 n.
401 3680 435 3731 (²)
473 3678 565 3746 Talis
581 3698 659 3746 nota
676 3703 773 3746 manu
790 3680 955 3767 posteriori
973 3678 1032 3748 fuit
1048 3683 1079 3747 in
1098 3683 1259 3770 praedicto
1276 3683 1386 3750 codice

338 3910 379 3979 (ι)
396 3911 520 3963 Analecta
534 3912 716 3975 Franciscann,
728 3923 796 3963 tom.
811 3911 858 3975 ΙΙΙ,
875 3912 944 3982 App.
961 3911 1007 3977 ΙΙΙ,
1021 3930 1045 3982 p.
1061 3911 1121 3967 666.
1156 3913 1263 3968 Librum
1278 3917 1310 3970 de
1330 3916 1385 3969 lau-

265 3999 344 4052 dibus
363 3999 393 4051 tr.
415 3999 545 4052 Bernardi
564 4000 597 4052 de
624 4000 706 4052 Bessa
725 4000 824 4069 pariter
843 4001 927 4052 edidit
951 4000 981 4053 P.
1006 4001 1143 4055 Hilarinus
1168 4003 1280 4058 Fetoea
1299 4022 1314 4058 a
1334 4004 1386 4058 Lu·

265 4104 351 4148 cerna,
370 4087 475 4141 Romae
499 4089 573 4157 1897.

337 4177 378 4243 (a)
398 4176 493 4229 Paucis
512 4177 607 4230 diebus
627 4189 698 4241 ante,
715 4193 745 4230 21
770 4176 903 4241 februarii,
926 4178 1049 4232 Pontifex
1072 4181 1190 4249 expediri
1210 4183 1386 4235 mandaverat

267 4264 379 4317 Litteras
395 4264 579 4335 Apostolicas,
601 4266 703 4319 «Sicut
719 4266 826 4337 phialae
845 4283 975 4330 aureae»,
995 4270 1090 4338 quibus
1110 4270 1168 4322 orbi
1189 4270 1323 4324 catholico
1343 4288 1385 4324 ca·

265 4352 470 4405 nonizationem
490 4353 583 4406 Sancti
603 4355 740 4407 Francisci
760 4355 931 4408 renuntiabat
950 4368 976 4408 et
996 4358 1029 4409 ad
1049 4356 1146 4410 festum
1159 4358 1231 4411 illius
1249 4358 1385 4412 celebran-

267 4442 331 4495 dum
352 4443 555 4498 adhortabatur.
576 4445 672 4498 Brtllur.
693 4445 835 4511 Ft‘nncist,
853 4458 872 4499 t.
893 4446 913 4510 l,
934 4447 1012 4501 Bulla
1032 4448 1159 4517 XXXIV,
1174 4467 1199 4521 p.
1219 4466 1261 4521 49.
