3142 4875
610 354 888 406 PROLEGOMENA
1266 351 1312 400 LV

248 576 410 646 Rosedale
425 573 566 644 advertit
584 576 724 663 plurium
740 575 933 662 scriptorum
949 575 1134 663 apographa
1151 575 1184 643 in
1202 574 1313 643 codice

183 684 238 752 illo
262 683 382 766 haberi,
406 704 438 751 et
461 682 542 749 folia
562 704 643 768 ¹·94
659 683 693 772 (1
701 703 743 769 53¹
752 686 796 764 ·><
816 702 873 769 113
894 681 1004 770 mm),
1024 702 1043 748 2
1062 682 1136 762 col.,
1151 704 1233 770 quae
1253 684 1314 750 Le·

183 789 327 880 gendam
350 790 460 858 Sancti
495 788 655 856 francisci
686 787 839 876 praebent
869 807 995 855 exarata
1022 786 1120 856 luisse
1146 807 1219 876 post
1249 810 1313 855 me·

186 898 276 964 diurn
295 898 460 964 saeculum
477 916 537 963 xnr
554 894 682 963 iudicat.
729 895 858 961 Desunt
874 894 907 961 in
924 894 1036 962 codice
1053 894 1119 962 duo
1137 893 1213 961 solia
1231 918 1313 984 quae

184 1006 219 1070 in
241 1003 384 1071 editione
406 1005 567 1092 praesenti
590 998 785 1090 respondent
810 1000 992 1089 fragmento
1021 1024 1106 1067 «sua
1133 1003 1240 1090 ipsum
1262 1025 1312 1069 re-

186 1111 392 1199 colligens...
417 1136 433 1172 n
470 1109 561 1199 (pag.
595 1110 634 1177 18
654 1130 662 1174 :
682 1107 758 1198 26);
783 1149 803 1156 -
833 1108 1050 1197 «antiquitus
1086 1126 1306 1176 constructa»

186 1218 276 1307 (pag.
296 1237 362 1304 24:
381 1217 447 1305 13).
495 1216 584 1284 Finis
605 1215 717 1304 pariter
736 1214 909 1304 Legendae
929 1214 1018 1282 deest
1037 1234 1069 1284 et
1087 1215 1216 1304 explicit
1235 1239 1310 1283 cunr

185 1324 290 1391 verbis
314 1324 392 1390 «vir
411 1323 462 1390 ille
482 1322 614 1389 nimio»
643 1321 733 1411 (pag.
762 1325 824 1408 146
838 1346 846 1388 ι
861 1322 908 1411 3).

252 1432 330 1497 Post
353 1433 454 1498 vitam
474 1429 585 1498 Sancti
606 1430 765 1496 Francisci
781 1429 846 1495 hoc
862 1431 895 1496 in
916 1429 1026 1497 codice
1046 1429 1210 1497 invenitur
1227 1428 1311 1518 frag-

185 1558 334 1606 mentum
359 1537 513 1626 Regulae,
537 1558 635 1625 quam
658 1538 803 1624 sequitur
832 1536 923 1604 Bulla
947 1537 1097 1625 Gregorii
1120 1538 1170 1604 IX
1198 1536 1311 1618 «Quo

184 1645 375 1733 elongatis,
398 1643 471 1711 data
498 1644 666 1732 Anagniae
700 1664 747 1709 nn
780 1643 850 1709 Kal.
875 1643 1027 1722 octobris,
1060 1646 1154 1710 Pont.
1187 1665 1262 1711 ann.
1287 1665 1310 1710 11

185 1753 245 1842 (28
268 1771 349 1839 sept.
374 1752 485 1842 1230).
507 1751 624 1817 Postea
646 1771 720 1839 pag.
742 1752 784 1836 98
808 1749 996 1818 immediate
1019 1751 1131 1838 incipit
1154 1773 1221 1817 non
1240 1748 1312 1816 offi-

186 1861 271 1928 cium
284 1858 340 1925 sed
354 1859 451 1925 missa
466 1857 503 1924 lu
518 1857 617 1925 natali
632 1857 733 1924 Sancti
751 1856 922 1924 francisci:
939 1885 954 1919 r
970 1857 1179 1926 Gaudeamus
1197 1879 1311 1924 omnes

184 1966 217 2032 in
230 1967 389 2044 Domino,
403 1964 548 2032 diem...
562 1990 577 2026 s
594 1962 770 2052 (Rosedale
782 1964 908 2051 legite«
923 1963 1124 2031 Gaudiamus
1144 1985 1259 2031 omnes
1277 1963 1312 2029 in

184 2070 321 2139 Domini
346 2071 490 2160 Deinl),
521 2093 603 2159 quae
633 2070 762 2157 explicit
794 2072 827 2137 in
860 2070 1039 2158 Evangelio
1069 2069 1202 2160 (Matth.
1228 2069 1310 2158 Xl):

187 2179 335 2244 «Venite
358 2176 398 2244 ad
423 2201 476 2244 me
499 2200 616 2245 omnes
639 2176 694 2265 qui
722 2175 873 2244 laboratis
897 2195 929 2243 et
953 2179 1105 2245 oneratis
1134 2175 1311 2265 (Rosedale

183 2284 275 2374 legit:
305 2283 484 2351 elaboratis
507 2303 538 2351 et
562 2306 677 2351 omnes
692 2310 706 2345 n
719 2282 757 2372 l).

251 2390 392 2479 Egregio
413 2392 481 2458 viro
502 2392 736 2479 Montgomery
756 2389 970 2471 Carmichael,
992 2389 1122 2458 Liburni
1141 2390 1212 2457 vice
1233 2411 1309 2457 con·

182 2500 251 2566 sule
278 2499 425 2586 Angliae,
449 2499 503 2586 qui
536 2499 617 2565 inter
640 2497 792 2565 historiae
816 2497 1031 2565 franciscanae
1056 2499 1194 2565 cultores
1225 2496 1310 2563 fama

183 2628 253 2673 non
269 2605 425 2672 mediocri
440 2603 570 2692 gaudet,
586 2603 743 2671 benevole
760 2626 819 2692 pro
834 2627 888 2670 me
904 2603 1135 2685 intercedente,
1150 2606 1231 2672 Rev.
1247 2603 1309 2673 Ca·

184 2711 271 2778 tolus
291 2710 467 2790 Plummer,
488 2710 526 2777 C.
548 2711 587 2778 C.
609 2710 647 2777 C.
668 2710 782 2777 Socius
802 2728 834 2776 et
854 2709 1059 2798 Capelianus,
1084 2711 1170 2778 hunc
1185 2730 1311 2778 textum

185 2820 353 2907 diligenter
375 2820 578 2908 recognovit,
598 2818 714 2908 quibus
739 2842 792 2887 me
817 2821 1035 2908 gratissimum
1058 2820 1220 2910 profiteor.

253 2927 523 2994 Parisiensis
547 2927 629 2993 inter
652 2925 780 2993 codices
806 2928 938 2994 Latinos
963 2927 1190 3008 Bibliothecae,
1214 2926 1313 2995 hodie

184 3032 367 3101 Nationalis
384 3031 497 3115 dictae,
513 3033 669 3121 repositus
685 3052 717 3100 et
740 3034 885 3121 signatus
907 3036 1004 3121 3817,
1023 3033 1083 3101 fuit
1100 3035 1178 3101 olim
1197 3033 1311 3102 Codex

187 3138 391 3206 Colbertinus
419 3160 491 3226 153.
538 3139 639 3207 Unita
657 3137 856 3207 bibliotheca
883 3138 1069 3208 Colbertina
1100 3140 1311 3208 bibliothecae

188 3298 307 3386 Regiae
325 3297 469 3385 signatus
489 3295 562 3365 fuit:
583 3298 705 3387 Regius
720 3249 829 3379 Q,
861 3297 964 3366 donec
997 3299 1220 3367 inscriberetur
1251 3300 1309 3367 sub

748 3373 785 3418 12

184 3479 321 3525 numero
337 3480 437 3546 quem
451 3480 579 3547 semper
592 3458 715 3526 retinet.
728 3459 763 3513 (Ι)
809 3460 907 3528 initio
925 3459 1045 3527 codicis
1065 3461 1181 3549 legitur
1199 3460 1307 3527 titulus

190 3564 390 3632 «Homiliae
412 3566 568 3634 Veterum
585 3592 616 3647 s,
640 3585 672 3634 et
694 3567 806 3653 incipit
835 3593 851 3628 «
868 3566 1023 3656 Legenda
1040 3570 1071 3636 in
1092 3587 1205 3636 octava
1225 3569 1308 3635 Pen-

186 3691 324 3740 tecostes
342 3701 372 3740 s.
419 3674 493 3742 Vita
518 3674 628 3741 Sancti
653 3674 814 3742 Francisci
837 3674 913 3742 huic
942 3675 1044 3743 codici
1074 3675 1132 3743 luit
1160 3675 1309 3743 adiuncta

143 3842 148 3855 ,
186 3777 318 3869 quando
342 3778 457 3848 ultimo
476 3781 721 3868 compaginatus
741 3800 799 3864 est,
818 3781 892 3870 quia
915 3779 1023 3849 forsan
1047 3783 1193 3850 eiusdem
1217 3805 1310 3850 men-

186 3909 277 3954 surae
301 3904 378 3954 sunt
402 3885 477 3953 folia
501 3886 634 3979 (Codex
658 3897 780 3975 425><
793 3909 855 3977 305
881 3913 978 3971 mm.;
1011 3890 1164 3978 Legenda
1187 3899 1310 3977 4to><

188 4014 248 4080 305
270 3993 369 4084 mm.)
389 4013 421 4061 et
440 4014 575 4082 occupat
593 3993 670 4062 folia
689 4015 728 4081 25
735 3998 851 4083 5-282.
898 3998 1025 4065 Desunt
1048 4017 1184 4085 quatuor
1207 3998 1309 4086 prima

256 4294 301 4364 (r)
321 4292 456 4366 Calalogus
477 4296 598 4351 Codicum
617 4299 847 4369 manuscriptorum
875 4298 1039 4352 Bibliothecae
1064 4302 1161 4370 Regiae,
1183 4317 1244 4370 pars
1263 4300 1310 4366 ΙΙΙ,

187 4397 252 4438 tona
271 4382 322 4448 ΙΙΙ,
341 4383 458 4450 Parisiis,
480 4400 554 4455 1744·
