3142 4875
275 311 349 379 268
654 334 826 381 refluunt
854 333 1022 380 secunus

653 440 1394 451 ——-—————-—-——————..—.

270 565 406 640 aemuli
443 565 574 641 salutis
611 567 808 650 humanae,
840 581 879 638 et
915 590 1075 687 semper,
1114 563 1176 650 ait,
1217 584 1400 640 conantur

271 699 383 769 quem
404 672 440 746 in
462 698 523 746 me
545 698 619 746 non
639 687 809 770 possunt,
829 671 864 744 in
885 671 996 745 sociis
1016 674 1251 746 conturbare
1301 672 1399 747 Tan-

271 796 350 853 tum
379 797 505 853 autem
526 780 762 877 diligebat
728 805 847 851 virum
868 778 1049 875 spirituali
1072 779 1213 854 laetitia
1232 780 1395 876 plenum,

271 887 372 982 quod
402 912 471 983 pro
500 884 668 984 generali
699 886 992 959 commonitione
1029 884 1064 958 in
1103 886 1268 983 quodam
1301 888 1399 985 capi-

271 994 349 1065 tulo
378 993 489 1066 scribi
509 993 596 1067 fecit
624 993 718 1065 haec
745 993 879 1065 verba:
911 993 1082 1086 Caveant
1110 994 1252 1078 fratres,
1286 1019 1398 1068 nese
1427 1026 1447 1089 5

271 1100 475 1172 ostendant
496 1100 732 1173 extrinsecus
751 1097 944 1171 nubilosos
963 1115 1001 1172 et
1023 1099 1239 1195 hypocritas
1258 1099 1394 1186 tristes

272 1208 339 1278 sed
370 1208 572 1281 ostendant
599 1231 641 1279 se
670 1206 881 1303 gaudentes
910 1207 946 1279 in
982 1204 1158 1291 Domin0,
1194 1205 1331 1281 hilares
1358 1224 1398 1280 et

272 1313 465 1398 iucundos,
496 1330 534 1386 et
562 1312 830 1386 convenienter
857 1311 1054 1410 gratiosos.

698 1526 963 1534 ——--—-—

428 1729 430 1734 .
486 1757 683 1855 [Qualiter
707 1767 836 1852 corpus
864 1758 1101 1829 tractandum
1126 1768 1179 1828 ert

549 1884 683 1944 utnon
703 1872 941 1970 murmuret}
985 1871 1102 1943 XCII.

356 2110 439 2177 129.
470 2086 578 2158 Dixit
605 2082 718 2157 etiam
748 2082 949 2179 aliquando
969 2100 1138 2156 sanctus:
1160 2084 1281 2157 Fratri
1310 2110 1397 2157 cor·
1430 2114 1435 2120 ·

269 2193 351 2289 pori
372 2219 455 2265 cum
476 2191 701 2264 discretione
722 2189 994 2287 providendum
1010 2207 1076 2274 est,
1101 2216 1148 2264 ne
1167 2192 1215 2263 ab
1234 2216 1282 2264 eo
1301 2207 1394 2264 tem-

270 2316 396 2396 pestas
419 2315 701 2371 commoveatur
723 2296 900 2370 accidiae.
954 2295 1006 2368 Ut
1025 2296 1124 2369 enim
1144 2323 1219 2370 non
1240 2298 1393 2371 taedeat

271 2408 391 2502 ipsum
421 2403 577 2505 vigilare
605 2421 642 2478 et
671 2419 886 2478 reverenter
914 2404 949 2477 in
979 2405 1149 2478 oratione
1176 2404 1390 2502 persistere,

269 2514 421 2586 tollatur
436 2514 468 2587 ei
485 2513 632 2586 occasio
648 2512 913 2585 murmurandi.
970 2510 1126 2585 Diceret
1140 2511 1254 2585 enim:
1273 2513 1392 2586 Fame
1424 2555 1434 2598 1
1442 2555 1459 2619 5

238 2623 240 2626 ’
270 2619 413 2705 defici0,
455 2620 507 2692 tui
545 2619 711 2692 exercitii
751 2618 933 2690 sarcinam
972 2619 1068 2691 ferre
1110 2644 1184 2691 non
1233 2619 1388 2715 [valeo].

269 2727 382 2820 Quod
418 2725 448 2799 si
477 2742 678 2823 postquam
714 2724 960 2797 sufficientem
997 2741 1165 2799 vorasset
1201 2749 1390 2798 annonam

266 2833 355 2906 talia
374 2834 597 2921 mussitaret,
620 2832 714 2904 scito
734 2830 882 2928 pigrum
904 2832 1109 2904 iumentum
1128 2831 1300 2929 indigere
1319 2832 1391 2905 cal-

267 2941 424 3022 caribus,
465 2956 502 3013 et
539 2939 696 3012 inertem
733 2938 890 3010 asellum
927 2937 1115 3011 stimulum
1153 2955 1387 3034 exspectare.

267 3047 351 3120 Hoc
381 3049 462 3120 solo
499 3048 727 3119 documento
764 3044 916 3117 dissona
945 3045 1012 3116 suit
1041 3069 1173 3118 manus
1210 3071 1233 3117 a
1261 3044 1390 3143 lingua
1417 3087 1457 3134 20

267 3152 302 3225 in
332 3170 438 3250 patre
467 3151 713 3226 sanctissimo,
774 3152 922 3247 Corpus
940 3152 1040 3224 enim
1060 3178 1168 3224 suum
1188 3151 1317 3247 utique
1338 3152 1390 3224 in-

268 3286 408 3333 nocens
438 3259 594 3358 flagellis
623 3276 661 3332 et
697 3258 863 3354 penuriis
892 3259 1101 3355 subigebat,
1140 3258 1389 3354 multiplicans

267 3368 301 3439 ei
320 3369 475 3442 vulnera
495 3368 574 3440 sine
595 3392 717 3439 causa.
740 3437 742 3440 a
775 3366 873 3437 Nam
894 3380 931 3436 et
951 3366 1051 3437 calor
1074 3364 1224 3462 spiritus
1243 3366 1295 3438 ita
1314 3365 1388 3437 iam

268 3473 499 3573 levigaverat
519 3499 664 3569 corpus,
688 3489 728 3545 ut
747 3471 871 3545 anima
891 3471 1039 3544 sitiente
1059 3472 1094 3543 in
1111 3472 1247 3555 Deum,
1269 3471 1388 3545 sitiret

266 3598 303 3654 et
332 3608 444 3678 quam
477 3579 727 3677 multipliciter
756 3603 844 3652 caro
877 3577 964 3676 [illa]
997 3578 1240 3651 sanctissima.
1414 3617 1449 3682 25

336 3793 360 3846 6.
382 3795 411 3845 ii
429 3812 477 3845 om.
498 3803 523 3843 et
536 3792 649 3844 -rristes
726 3791 763 3843 16.
783 3789 877 3856 valeo]
898 3789 922 3840 A
942 3804 1053 3856 possum
1127 3802 1169 3853 25.
1187 3786 1218 3838 M
1235 3805 1284 3840 om.
1304 3804 1385 3858 quam

263 3875 288 3925 A
308 3891 356 3926 our.
378 3873 423 3925 illa
