3142 4875
255 588 324 645 tur.
374 574 502 667 Atque
519 572 659 645 utinam
680 572 741 644 illo
761 597 890 645 amore
910 573 1107 668 seraphico
1128 571 1242 646 multa
1263 598 1379 644 mem-

255 682 322 752 bra
351 678 461 777 capiti
491 680 735 752 cohaererent
757 679 918 765 Christ0,
940 705 1015 775 quo
1034 697 1072 752 et
1092 678 1128 751 in
1149 680 1247 752 bello
1266 678 1377 751 simili

254 804 442 859 armatura
471 785 724 859 invenirentur
752 785 951 883 condigna,
974 802 1011 857 et
1041 786 1077 857 in
1107 811 1225 884 regno
1254 786 1302 857 ad
1331 785 1379 858 si·

256 892 380 965 milem
401 892 570 965 ordinem
590 892 850 965 subvehenda!
910 893 1004 986 Quis
1024 892 1095 964 hoc
1110 918 1225 966 sanae
1241 893 1378 964 mentis

256 999 323 1072 nisi
352 1000 400 1072 ad
430 999 566 1072 Christi
587 998 745 1097 gloriam
765 999 907 1072 diceret
935 998 1145 1095 pertinere?
1201 998 1277 1071 Sed
1301 997 1377 1070 iam
1410 1033 1428 1099 5

254 1132 377 1203 poena
397 1106 534 1179 inflicta
555 1106 753 1179 incredulis
781 1106 984 1179 satisfaciat
1012 1106 1197 1177 indevotis
1217 1122 1255 1177 et
1273 1105 1377 1201 ipsos

255 1213 413 1286 devotos
440 1212 578 1286 efficiat
606 1214 794 1285 certiores.

335 1325 369 1391 6.
400 1320 515 1417 Apud
535 1318 754 1402 Potentiam,
773 1319 879 1417 regni
896 1317 1057 1415 Apuliae
1078 1319 1276 1396 civitatem.
1294 1333 1377 1391 erat

255 1425 409 1516 clericus
430 1426 590 1522 quidam,
614 1426 803 1523 Rogerius
831 1425 992 1508 nomine,
1015 1426 1069 1497 vir
1089 1423 1318 1498 honorabilis
1337 1441 1377 1497 et

255 1532 404 1606 maioris
432 1532 612 1605 ecclesiae
642 1532 854 1606 canonicus.
914 1533 985 1604 Hic
1016 1558 1098 1604 cum
1137 1531 1250 1630 longa
1279 1532 1377 1604 foret
1411 1551 1452 1599 10

254 1639 465 1712 infirmitate
484 1656 691 1734 quassatus
713 1639 773 1712 die
794 1640 955 1736 quadam
976 1638 1172 1712 ecclesiam
1192 1663 1260 1735 pro
1280 1637 1376 1711 sani-

254 1763 330 1819 tate
350 1762 521 1818 oraturus
540 1745 698 1826 intravit,
730 1747 766 1819 in
795 1773 870 1843 qua
889 1762 970 1819 erat
989 1747 1116 1843 imago
1141 1745 1240 1818 beati
1261 1746 1376 1818 Fran·

254 1851 340 1925 cisci
370 1851 528 1949 depicta,
559 1851 724 1950 gloriosa
752 1854 930 1952 stigmata
968 1869 1267 1949 repraesentans.
1325 1853 1376 1922 Et

253 1960 437 2033 accedens
467 1984 592 2031 coram
622 1959 796 2056 imagine,
828 1960 987 2057 supplex
1016 1960 1064 2031 ad
1093 1960 1275 2031 orandum
1296 1974 1376 2030 tota

253 2066 454 2139 devotione
470 2065 725 2163 prosternitur.
777 2066 917 2139 Verum
938 2064 1066 2138 oculos
1087 2066 1208 2162 figens
1227 2065 1263 2137 in
1283 2064 1374 2162 stig·
1411 2089 1451 2155 15

254 2173 415 2245 maribus
434 2173 562 2257 sancti,
595 2171 843 2270 cogitationes
871 2199 938 2270 per
968 2171 1090 2244 inania
1110 2172 1231 2254 trahit,
1254 2188 1292 2244 et
1319 2197 1375 2244 re·

253 2279 345 2376 ptim
361 2281 632 2353 subintrantem
643 2279 885 2352 dubitationis
898 2279 1068 2352 aculeum
1081 2278 1234 2351 rationis
1248 2278 1374 2351 studio

255 2412 327 2459 non
349 2385 502 2483 repellit.
560 2387 657 2460 Nam
679 2386 857 2460 illudente
876 2385 945 2459 sibi
966 2386 1074 2459 hoste
1093 2386 1257 2481 antiqu0,
1281 2384 1376 2458 dila·

254 2509 380 2566 cerato
409 2493 521 2565 corde
550 2494 674 2589 coepit
703 2495 826 2567 dicere
855 2494 955 2590 apud
984 2519 1043 2565 se:
1075 2493 1186 2564 Esset
1214 2493 1285 2565 hoc
1311 2518 1374 2564 ve-

254 2626 346 2683 rum,
380 2616 418 2671 ut
447 2600 508 2671 tali
525 2599 717 2673 claruisset
738 2602 808 2673 iste
827 2618 978 2672 sanctus
998 2599 1186 2682 miraculo
1209 2625 1256 2672 an
1285 2625 1375 2672 suo·
1405 2625 1450 2671 zo

253 2731 334 2779 rum
356 2706 416 2801 pia
445 2705 511 2777 luit
532 2707 675 2778 illusio?
731 2707 922 2789 Simulata,
946 2705 1074 2802 inquit,
1100 2707 1165 2779 fuit
1194 2706 1372 2792 inventi0,

252 2830 290 2886 et
328 2811 495 2884 fortassis
522 2839 544 2886 a
573 2813 746 2885 iratribus
783 2814 934 2887 inventa
970 2813 1154 2909 deceptio
1212 2813 1374 2886 Sensum

252 2920 323 2991 hoc
353 2920 555 2992 humanum
585 2921 796 3003 excederet,
819 2936 857 2993 et
876 2922 923 2991 ab
943 2919 1042 2993 omni
1064 2918 1216 2993 rationis
1235 2919 1374 2992 iudicio

252 3027 381 3123 procul
410 3032 546 3099 esset.¹
579 3027 615 3099 O
645 3027 872 3100 dementiam
902 3026 1078 3099 hominis!
1135 3026 1261 3099 Tanto
1290 3052 1374 3123 pro-

251 3150 390 3229 pterea,
415 3133 603 3229 insipiens
625 3134 790 3207 divinum
807 3134 894 3206 illud
911 3133 1080 3206 venerari
1109 3134 1276 3206 debebas
1304 3133 1373 3205 hu·
1406 3158 1446 3223 25

253 3239 382 3323 milius‚
415 3258 556 3336 quanto
584 3257 622 3312 et
650 3267 672 3314 a
700 3258 736 3313 te
767 3241 888 3312 minus
916 3257 1063 3336 poterat
1092 3239 1371 3336 comprehendi.

252 3346 356 3419 Scire
375 3364 479 3419 tuum
509 3366 598 3430 erat,
630 3348 659 3419 si
690 3347 834 3421 ratione
862 3348 1030 3444 vigebaS,
1052 3348 1229 3443 quoniam
1249 3346 1374 3419 sacilli·

253 3480 352 3526 mum
383 3455 468 3526 Deo
497 3471 554 3526 est
584 3454 688 3526 novis
717 3480 866 3550 semper
896 3456 1074 3525 mundum
1104 3454 1282 3527 innovare
1309 3454 1374 3526 mi·

251 3560 395 3643 faculis
428 3586 577 3656 semper
605 3561 652 3632 ad
682 3587 787 3633 suam
817 3560 974 3658 gloriam
1005 3561 1151 3657 operari
1185 3559 1221 3632 in
1251 3560 1371 3648 nobis,

251 3693 348 3763 quae
379 3692 451 3738 non
481 3684 538 3738 est
567 3666 601 3738 in
632 3667 713 3739 aliis
737 3687 924 3764 operatus.
984 3668 1085 3761 Quid
1115 3667 1243 3763 plura?
1301 3667 1373 3740 Co·
1406 3695 1449 3760 30

250 3772 383 3872 gitanti
404 3774 533 3845 frivola
549 3776 680 3846 durum
697 3800 718 3847 a
735 3775 819 3846 Deo
836 3777 968 3846 vulnus
983 3774 1171 3872 infligitur,
1195 3790 1234 3846 ut
1253 3774 1374 3846 discat

250 3906 298 3954 ex
327 3880 397 3952 hiis
425 3905 522 3976 quae
551 3880 689 3976 patitur
726 3906 799 3953 non
837 3880 1108 3978 blasphemare.
1167 3880 1299 3953 Subito
1334 3880 1373 3953 in

249 3986 373 4083 palma
403 4012 534 4059 manus
563 3986 734 4059 sinistrae
762 3988 976 4084 percutitur,
999 3988 1086 4083 quia
1106 3987 1254 4060 sinister
1278 4005 1369 4070 erat,

250 4119 382 4165 sonum
403 4093 560 4167 audiens
574 4094 679 4190 quasi
697 4121 780 4166 cum
798 4095 979 4191 spiculum
996 4095 1139 4192 prosilit
1158 4095 1205 4166 de
1225 4092 1369 4166 balista.

249 4200 416 4296 Moxque
436 4217 510 4272 tam
524 4200 676 4272 vulnere
696 4200 844 4274 saucius
860 4228 971 4298 quarn
987 4203 1111 4274 sonitu
1127 4201 1369 4298 stupefactus,
1405 4233 1421 4298 3
1429 4234 1446 4297 5

249 4306 501 4378 chirothecam
526 4310 573 4381 de
604 4333 713 4379 manu
736 4308 856 4391 trahit,
880 4310 965 4404 quia
986 4309 1261 4381 chirothecatus
1276 4323 1369 4380 erat.

251 4408 423 4506 Cumque
450 4412 547 4485 nulla
568 4414 696 4485 luisset
716 4415 818 4509 prius
847 4413 883 4487 in
912 4414 1036 4512 palma
1056 4414 1259 4511 percussio,
1284 4439 1372 4487 con·
