3142 4875
598 363 704 414 nemi
731 363 918 414 rnnncrsm
1242 364 1314 434 323

202 597 347 681 clinare,
378 595 550 694 promisit
582 596 646 682 eis,
678 613 716 669 et
743 595 825 671 aliis
856 613 1116 694 paupertatem
1145 595 1181 670 in
1210 597 1318 671 simili

201 703 485 777 conversatione
500 703 760 802 profitentibus
777 703 964 800 [firmiter]
987 721 1147 778 suomet
1166 705 1319 778 fratrum

201 835 353 884 suorum
389 810 567 885 auxilium
603 826 642 884 et
678 809 873 884 consilium
909 827 1092 908 perpetuo
1129 811 1317 885 exhibere.

201 917 307 990 l-laec
335 942 495 1015 semper,
525 918 614 990 dum
644 916 746 1002 vixit,
767 916 968 1016 diligenter
986 918 1156 1000 exsolvit,
1183 934 1222 992 et
1241 917 1318 991 fieri

154 1048 171 1113 5
201 1048 360 1120 semper,
392 1051 475 1097 cum
506 1024 614 1098 morti
635 1022 828 1122 proximus
846 1039 958 1110 esset,
987 1050 1061 1099 non
1082 1024 1321 1124 negligenter

202 1130 403 1204 mandavit.
466 1129 591 1204 Unum
619 1147 733 1228 atque
761 1131 937 1204 eumdem
965 1131 1145 1230 spiritum,
1177 1133 1316 1217 dicens,

201 1238 333 1311 iratres
362 1255 399 1312 et
427 1238 599 1312 dominas
627 1238 706 1313 illas
735 1238 982 1335 pauperculas
1001 1239 1050 1312 de
1078 1239 1149 1312 hoc
1168 1237 1319 1313 saeculo

202 1344 388 1418 eduxisse.

286 1473 372 1545 205.
403 1450 626 1538 Mirantibus
654 1452 880 1549 quandoque
908 1452 1081 1527 iratribus
1114 1454 1215 1549 quod
1242 1467 1319 1526 tam

136 1580 175 1628 10
203 1576 352 1632 sanctas
381 1558 518 1631 Christi
540 1556 696 1631 [amulas
715 1585 782 1631 sua
811 1559 1023 1655 praesentia
1043 1558 1224 1657 corporali
1246 1584 1319 1633 non

204 1666 352 1763 saepius
364 1665 540 1751 visitaret,
557 1665 706 1738 dicebat
717 1691 724 1736 :
736 1666 823 1739 Non
834 1665 1004 1749 credatis,
1019 1665 1208 1750 carissimi,
1220 1667 1321 1763 quod

203 1797 268 1846 eas
282 1772 446 1870 perfecte
476 1796 550 1845 non
570 1771 738 1870 diligam.
795 1771 834 1844 Si
853 1771 951 1845 enim
974 1772 1114 1846 crimen
1138 1789 1238 1847 esset
1256 1798 1322 1846 eas

203 1879 239 1952 in
270 1879 420 1952 Christo
449 1880 586 1962 lovere,
618 1903 743 1952 nonne
772 1879 893 1953 maius
921 1879 1050 1952 fuisset
1079 1905 1143 1952 eas
1172 1878 1323 1952 Christo

203 1985 390 2059 iunxisse?
446 1985 496 2058 Et
524 1984 675 2082 quidem
704 2011 778 2058 non
808 2011 873 2059 eas
891 2011 1048 2060 vocasse
1068 1984 1166 2059 nulla
1194 1984 1323 2059 luisset

135 2114 172 2181 ¹5
202 2091 351 2178 iniuria;
383 2118 457 2166 non
487 2116 616 2165 curare
643 2108 798 2165 vocatas
816 2118 961 2166 summa
987 2108 1044 2166 est
1073 2092 1320 2166 inclementia.

201 2198 279 2273 Sed
294 2199 508 2297 exemplum
528 2201 578 2271 do
598 2198 714 2278 vobis,
734 2216 774 2272 ut
793 2200 1110 2296 quemadmodum
1131 2224 1206 2297 ego
1226 2199 1322 2272 facio

202 2305 254 2379 ita
281 2323 319 2380 et
339 2332 406 2380 vos
426 2304 577 2380 faciatis.
636 2305 734 2379 Nolo
754 2306 856 2403 quod
880 2304 1012 2402 aliquis
1030 2306 1078 2380 ad
1098 2304 1322 2380 visitandum

202 2439 268 2487 eas
287 2429 535 2513 spontaneum
556 2439 597 2487 se
615 2411 767 2507 offerat;
786 2413 855 2487 sed
874 2412 1010 2487 invitos
1033 2414 1100 2514 [et]
1123 2412 1321 2511 plurimum

202 2522 408 2595 renitentes
422 2521 533 2595 iubeo
552 2518 716 2618 ipsarum
736 2520 896 2594 servitiis
910 2521 1091 2618 deputari,
1113 2520 1323 2618 spirituales

132 2646 174 2693 20
203 2629 399 2702 dumtaxat
435 2628 544 2712 viros,
584 2628 701 2727 digna
742 2644 780 2701 et
814 2627 1002 2727 longaeva
1038 2628 1321 2701 conversatione

203 2736 392 2832 probatos,

631 2869 897 2879 ———--

234 3029 436 3146 [Quemodo
465 3035 701 3133 reprehendit
726 3038 903 3133 quosdam
930 3038 1001 3133 qui
1020 3038 1178 3111 libenter
1194 3039 1299 3112 ibent

496 3145 549 3217 ed
574 3135 830 3251 monasterie}
889 3144 1020 3217 CLVI.

288 3361 373 3428 206.
405 3356 500 3429 Cum
530 3356 630 3429 enim
659 3356 776 3429 semel
805 3357 955 3453 quidam
985 3358 1108 3441 frater,
1140 3358 1203 3454 qui
1232 3360 1325 3431 duas

133 3497 175 3564 25
204 3464 240 3536 in
271 3463 497 3536 monasterio
517 3463 680 3560 quodam
710 3462 804 3536 filias
822 3464 1012 3560 perfectae
1032 3466 1325 3538 conversationis

203 3571 378 3653 habebat,
394 3571 583 3666 quoddam
599 3570 868 3667 pauperculum
885 3571 1142 3644 munusculum
1157 3598 1204 3644 ex
1220 3590 1325 3669 parte

204 3676 321 3750 sancti
337 3675 496 3750 libenter
514 3677 563 3751 ad
583 3677 723 3749 dictum
743 3676 866 3750 locum
886 3703 927 3751 se
948 3679 1089 3751 diceret
1103 3679 1323 3761 delaturum,

205 3783 411 3881 increpavit
438 3809 524 3856 eum
554 3799 705 3856 sanctus
734 3785 941 3867 durissime,
974 3788 1088 3858 verba
1111 3811 1184 3858 non
1214 3786 1326 3858 modo

204 3891 400 3964 reserenda
428 3890 628 3964 inculcans.
686 3890 824 3988 Sicque
853 3918 922 3989 per
940 3892 1052 3964 alium
1079 3907 1324 3973 recusantem.

135 4037 176 4105 30
204 3999 272 4072 sed
289 4023 363 4071 non
382 3995 605 4071 obstinatius
620 3999 893 4095 persistentem,
917 3997 1120 4071 transmisit
1138 3998 1324 4072 exenium.

205 4104 314 4178 Alius
343 4105 456 4177 frater
483 4103 520 4177 in
550 4104 673 4179 hieme
703 4131 816 4179 causa
845 4104 1116 4202 compassionis
1133 4106 1182 4178 ad
1202 4131 1327 4179 mona·

280 4350 300 4387 1.
321 4331 613 4401 simili]Rconsimili
687 4334 756 4386 2.A
776 4331 958 4385 om.lirmiter
1012 4348 1037 4398 4.
1058 4335 1078 4388 R
1099 4331 1161 4386 Hoc
1218 4348 1257 4387 12.
1279 4333 1327 4386 cri-

206 4415 281 4484 men]
304 4415 323 4469 R
344 4423 448 4466 certum
468 4414 626 4483 (magnum)
704 4413 741 4464 18.
761 4413 787 4465 A
808 4426 836 4464 ut
909 4426 953 4479 27.
972 4412 1071 4483 sancti]
1093 4415 1114 4468 R
1133 4428 1180 4465 sua
