3142 4875
594 348 686 396 Btln's
689 348 699 394 Ι
729 347 913 395 Fltss'clsct

194 582 354 653 mundus
374 579 523 652 caelesti
543 579 741 652 dulcedine
761 594 880 674 pasto,
904 595 942 651 et
969 581 1015 651 ad
1036 605 1169 677 grossa
1198 580 1313 653 homi-

195 713 282 759 num
321 687 469 759 divinae
506 686 655 759 delitiae
693 685 860 759 fecerant
895 685 1105 759 delicatum.
1168 687 1311 760 Locum

193 818 343 890 semper
361 796 514 891 petebat
542 791 813 876 absconditum,
837 817 912 887 quo
941 793 1027 865 Deo
1053 818 1121 866 suo
1150 820 1224 866 non
1254 820 1312 866 so-

193 901 267 973 lum
297 899 466 996 spiritum
492 900 559 972 sed
580 900 747 971 membra
775 898 924 996 singula
953 916 1155 997 coaptaret.
1214 900 1310 974 Cum

143 1040 160 1104 3
193 1006 229 1079 in
249 1007 398 1104 publico
421 1005 545 1079 subito
565 1004 816 1104 [afficeretur],
836 1004 1004 1078 visitatus
1024 1032 1046 1079 a
1064 1007 1241 1090 Domine,
1265 1033 1312 1080 ne

193 1112 272 1187 sine
292 1113 385 1186 cella
405 1115 509 1195 soret,
533 1115 580 1184 de
601 1110 778 1185 mantello
798 1111 967 1185 cellulam
988 1113 1157 1187 faciebat.
1211 1115 1312 1187 Non·

194 1246 382 1317 nunquam
420 1219 595 1293 mantello
627 1244 769 1303 carens,
803 1244 849 1292 ne
883 1244 1019 1293 manna
1051 1221 1310 1294 absconditum

193 1328 378 1424 proderet,
410 1327 556 1400 manica
582 1325 724 1397 vultum
754 1326 919 1423 tegebat.
987 1326 1145 1423 Semper
1173 1328 1312 1424 aliquid

193 1432 392 1507 obiiciebat
422 1434 667 1516 adstantibus
701 1457 747 1505 ne
782 1433 909 1529 sponsi
938 1449 1078 1506 tactum
1108 1460 1312 1532 cognosce·

123 1571 163 1618 ro
192 1558 285 1625 rent,
316 1541 366 1613 ita
399 1558 439 1613 ut
468 1540 504 1612 in
539 1556 621 1613 arto
655 1540 760 1613 navis
797 1537 964 1635 plurimis
993 1541 1153 1614 insertus
1188 1558 1313 1628 oraret

192 1647 342 1721 invisus.
399 1647 575 1743 Denique
612 1645 701 1720 nihil
729 1647 861 1718 horum
899 1663 1044 1743 potens,
1077 1648 1235 1721 faciebat
1264 1649 1312 1721 de

191 1770 345 1852 pectore
365 1753 556 1852 templum.
610 1752 900 1825 Exscreationes
921 1771 959 1826 et
978 1756 1152 1851 gemitus
1175 1754 1312 1828 oblivio

192 1862 259 1946 sui,
281 1862 395 1934 duros
422 1860 608 1934 anhelitus
638 1876 675 1932 et
704 1858 909 1932 forinsecos
930 1877 1040 1933 nutus
1062 1861 1255 1958 absorptio
1276 1863 1312 1935 in

191 1969 316 2041 Deum
347 1969 587 2041 abstulerant.

123 2105 160 2169 15
245 2096 307 2167 95.
339 2075 444 2148 Haec
473 2074 585 2147 domi.
644 2075 684 2145 ln
721 2072 822 2144 silvis
850 2098 940 2145 vero
977 2091 1015 2146 et
1052 2072 1311 2147 solitudinibus

191 2207 312 2265 orans
345 2180 530 2279 nemor[a]
562 2179 731 2277 replebat
760 2179 972 2276 gemitibus,
998 2179 1080 2254 loca
1108 2182 1312 2278 spargebat

190 2287 360 2373 lacrimis,
383 2304 537 2385 pectora
557 2313 669 2360 manu
693 2286 885 2370 tundebat,
908 2285 1033 2384 ibique
1057 2288 1163 2384 quasi
1192 2288 1312 2361 occul·

190 2395 294 2495 t[ius]
313 2394 554 2469 secretarium
576 2411 715 2477 nactus
729 2393 1037 2469 confabulabatur
1052 2420 1166 2493 saepe
1187 2396 1311 2469 verbis

191 2528 274 2574 cum
304 2503 469 2576 Domino
497 2528 577 2574 suo.
635 2502 689 2574 lbi
718 2501 972 2597 respondebat
996 2502 1116 2586 iudici,
1145 2503 1194 2575 ibi
1224 2529 1312 2600 sup-

119 2639 161 2687 20
189 2610 352 2706 plicabat
371 2608 477 2706 patri,
500 2608 549 2680 ibi
569 2607 853 2704 colloquebatur
872 2608 1003 2692 amico
1026 2609 1076 2682 ibi
1096 2610 1310 2683 colludebat

189 2741 338 2812 sponso.
397 2717 545 2788 Revera
574 2732 614 2786 ut
642 2730 796 2787 cunctas
826 2714 1009 2787 medullas
1038 2716 1160 2789 cordis
1189 2718 1312 2790 multi-

188 2822 333 2920 pliciter
347 2822 605 2895 holocaustum
625 2822 799 2904 efficeret,
819 2821 1059 2919 multiplicem
1080 2840 1167 2897 ante
1183 2825 1312 2897 oculos

189 2955 334 3003 summe
353 2929 558 3027 simplicem
575 2930 819 3026 proponebat.
878 2930 1045 3003 Immotis
1069 2956 1182 3028 saepe
1206 2930 1312 3005 labiis

189 3036 399 3110 ruminabat
428 3037 591 3120 interius,
623 3051 661 3109 et
690 3036 890 3108 introrsum
919 3036 1130 3111 extrinseca
1159 3039 1310 3111 trahens

119 3174 158 3239 25
189 3143 357 3242 spiritum
386 3144 629 3217 subtrahebat
649 3144 685 3215 in
705 3168 872 3238 superos.
932 3144 1095 3217 Omnem
1125 3146 1177 3216 sie
1202 3161 1240 3217 et
1260 3146 1311 3217 in·

189 3252 321 3324 tuitum
341 3268 379 3324 et
407 3251 580 3324 affectum
600 3251 637 3322 in
657 3274 770 3322 unam
792 3274 903 3346 quam
924 3253 1077 3346 petebat
1102 3277 1125 3323 a
1144 3252 1314 3324 Domino

188 3358 385 3455 dirigebat,
417 3374 516 3430 totus
547 3383 620 3429 non
649 3373 726 3430 tam
755 3381 867 3429 orans
895 3383 1008 3452 quam
1028 3358 1147 3430 oratio
1177 3360 1306 3431 sactus

73 3528 84 3543 ,
190 3466 342 3558 Quanta
375 3490 464 3537 vero
503 3463 623 3537 credis
661 3463 844 3535 suavitate
883 3464 1053 3558 perfundi
1092 3463 1226 3537 talibus
1255 3491 1310 3537 as-

189 3571 340 3644 suetus?
388 3570 502 3643 Novit
530 3570 626 3667 ipse:
651 3595 734 3642 uam
764 3595 839 3667 ego
869 3572 993 3665 potius
1013 3572 1136 3644 miror.
1186 3572 1309 3668 Expe-

121 3708 161 3772 30
189 3678 296 3750 rienti
325 3680 473 3751 dabitur
501 3678 606 3761 scire,
630 3702 704 3749 non
735 3678 952 3749 conceditur
976 3678 1190 3774 inexpertis.
1249 3678 1310 3750 Sic

190 3785 333 3858 fervore
362 3785 512 3881 spiritus
542 3783 710 3869 bulliens,
743 3800 875 3856 acutus
905 3785 941 3855 in
970 3785 1103 3868 verbis
1135 3802 1310 3883 aspectus

189 3907 227 3963 et
254 3908 333 3965 tota
361 3918 513 3989 prorsus
541 3891 665 3963 anima
692 3890 892 3985 liquefacta
921 3890 993 3963 iam
1034 3891 1069 3963 in
1104 3891 1306 3991 caelesti[s]

264 4085 436 4137 1.,llcrossa
517 4082 742 4151 5.Aelliceretur
824 4098 862 4136 10.
880 4084 1096 4150 traviisturus
1176 4084 1310 4138 16.Ane·

190 4181 296 4217 morum
372 4165 466 4231 17-18.
485 4167 508 4218 A
525 4164 664 4217 occultum
739 4179 780 4227 at.
799 4166 827 4216 ll
843 4165 972 4216 introrsus
1042 4180 1083 4231 25.
1101 4166 1131 4217 ,tl
1144 4166 1310 4219 subvehebst

190 4246 254 4297 all-1
267 4245 303 4315 (p.
315 4244 386 4313 242).
399 4246 427 4297 ,tl
437 4262 486 4298 om.
499 4243 609 4306 Quanta
621 4273 636 4282 -
648 4245 805 4296 versabatur
868 4246 966 4313 28-29.
977 4243 1099 4312 perfundi
1112 4275 1127 4283 -
1139 4245 1207 4315 ipse]
1223 4247 1241 4299 lt
1253 4264 1311 4315 per-

189 4320 262 4376 fundi
282 4328 372 4393 (cum)
391 4324 488 4376 talibus
509 4334 674 4375 assuesceret
693 4340 773 4375 uemo
794 4325 871 4375 novit
890 4326 968 4391 (nisi)
983 4324 1040 4395 ipse
1128 4340 1169 4393 30·
1187 4325 1268 4393 scire]
1290 4327 1311 4380 Κ

189 4405 258 4456 serio
334 4421 374 4473 31.
394 4418 487 4456 acutus
507 4404 532 4455 in
550 4403 649 4469 verbis]
672 4406 733 4457 Ret
750 4406 818 4456 cutis
837 4417 863 4456 et
882 4406 972 4456 omnis
1049 4421 1088 4475 32.
1108 4408 1131 4458 A
1153 4405 1261 4458 caelesti

296 4602 329 4655 16
