3142 4875
568 358 726 416 LECTORI
755 360 950 410 BENEVOLO
1272 363 1322 412 vn

201 597 456 680 nullatenus
488 598 574 679 liiis
605 600 685 705 qui
703 599 857 680 iurant
885 599 930 680 in
963 600 1087 682 verbo
1105 601 1317 709 magistri,

198 756 282 838 sed
308 756 397 837 illis
434 759 521 863 qui,
550 756 812 866 posthabitis
840 744 1123 867 'opinionibus
1146 757 1324 868 praeiu-

199 916 368 1011 di’cati's,
421 917 690 1024 quaestiones
736 917 963 998 liistori'cus
1002 917 1196 1027 propriis
1237 943 1322 998 uon

200 1075 357 1157 alienis
398 1075 543 1158 ocellis
566 1081 913 1187 perscrutantur,
950 1077 1073 1157 volui
1109 1076 1320 1158 dedicata.

270 1238 499 1319 Caeterum
532 1235 783 1346 opinionum
818 1248 1037 1318 momenta
1059 1235 1174 1317 delet
1205 1234 1319 1316 dies:

203 1425 280 1480 uec
312 1398 470 1479 desunt
497 1397 585 1505 qui,
622 1397 720 1479 lieri
743 1397 917 1508 fucatis
959 1398 1219 1479 neo-critices
1259 1423 1324 1478 eu·

202 1558 500 1641 stillationibus
532 1557 816 1668 indulgentes,
853 1562 894 1641 T
891 1559 1046 1641 lioinae
1077 1560 1129 1641 de
1164 1558 1325 1641 Celauo

190 1720 334 1832 fidem
355 1685 456 1828 fere
487 1718 768 1827 denegabant
795 1718 954 1826 quique
981 1719 1118 1815 leodic,
1154 1719 1327 1801 detectis

204 1880 340 1961 liuius
356 1875 521 1960 critices
542 1878 768 1960 cerebrosi‘s
789 1879 1106 1992 assertionibus,
1129 1879 1325 1959 eumdem

207 2038 581 2148 Hagiogruplium
605 2038 850 2148 pronomem
883 2064 935 2119 ac
965 2037 1104 2119 veluti
1122 2042 1327 2147 praecen-

208 2206 340 2281 torem
363 2198 408 2278 i'u
431 2196 612 2278 lii'stori‘a
632 2196 921 2306 franciscana
945 2196 1227 2277 conclamant.
1265 2198 1332 2278 Et

207 2387 255 2443 re
294 2358 467 2467 quidem
499 2382 614 2455 vera,
658 2357 828 2469 dempto
865 2356 1105 2453 Celanensi,
1154 2355 1326 2438 nullum

200 2525 374 2631 perstat
401 2518 593 2628 amplius
624 2518 677 2599 de
707 2545 754 2599 re
772 2517 1042 2628 franciscali
1059 2517 1328 2599 certitudinis

195 2681 556 2792 fundamentum,
578 2683 621 2759 et
635 2683 686 2758 ut
702 2677 841 2758 verbis
858 2677 1066 2787 Apostoli
1084 2683 1196 2773 utar,
1218 2678 1332 2759 sicut

200 2840 662 2953 parvulifluctuantes
695 2838 1047 2949 circumferimur
1066 2839 1188 2919 omni
1204 2843 1328 2919 vento

209 3002 438 3098 doctrinae,
477 3001 521 3081 i'n
555 3000 748 3107 nequitia
780 3001 1018 3094 bominum,
1062 3000 1107 3079 in
1148 2998 1323 3092 astutia,

209 3165 274 3245 ud
299 3162 702 3244 circumventionem
735 3160 904 3241 erroris.

272 3324 492 3430 Quotquot
512 3321 778 3402 Assi'si'nati's
806 3320 1003 3429 Legu‘eri
1026 3319 1246 3427 genuinae
1266 3316 1329 3397 lii·
1400 3394 1403 3399 ,

209 3483 366 3565 stortae
391 3481 585 3591 penitius
612 3480 855 3561 incumbere
868 3480 1144 3589 percupiunt,
1180 3475 1329 3557 sedulo

210 3648 393 3726 caueant
421 3645 586 3750 oportet
614 3627 667 3721 ue
702 3639 953 3721 Celaneusis
985 3644 1112 3749 opera
1143 3638 1328 3748 perfun-

210 3803 337 3886 ctorie
348 3807 519 3883 tontum
537 3799 801 3881 eti‘ncuri‘ose
816 3800 1040 3893 evolvant:
1055 3800 1135 3880 sed
1146 3826 1168 3879 e
1180 3803 1328 3879 contro

211 3963 388 4075 repetita
430 3969 474 4042 et
507 3964 638 4041 acuta
668 3962 1014 4068 perscrutatione
1056 3960 1327 4040 meditentur.

212 4125 270 4203 ln
311 4121 393 4202 liae
432 4125 542 4202 certe
584 4119 862 4201 meditatione
913 4120 1164 4202 exardescet
1197 4118 1324 4226 ignis,

212 4307 294 4389 quo
327 4281 506 4389 mirifice
538 4279 863 4362 collustrabitnr
894 4307 978 4362 uon
1016 4280 1087 4360 vir
1128 4277 1323 4371 illustris,
