3142 4875
278 296 353 387 388
581 318 788 366 rnncmrus
817 318 865 365 nn
888 315 1086 365 urnncuurs

277 551 422 650 relugio
452 567 707 646 susceperunt.
765 550 841 627 Sed
873 551 1027 623 Pisanus
1061 550 1284 646 praedictus,
1321 576 1398 625 non

276 660 373 732 bene
402 684 442 730 se
472 683 608 755 regens
633 658 667 728 in
689 674 804 753 ponte
832 658 1033 753 praedicto,
1057 658 1268 731 vehementi
1296 660 1398 732 unda

277 790 475 861 percussus
495 764 531 836 in
554 789 653 836 mare
683 765 851 837 iactatur.
909 764 958 836 Et
985 764 1070 861 quia
1101 781 1228 838 natare
1258 766 1397 839 nescie-

277 873 351 956 bat,
372 898 439 944 nec
458 872 506 943 ab
526 870 607 943 aliis
626 870 741 943 iuvari
761 870 918 953 valebat,
941 872 1164 968 profundum
1194 874 1305 945 maris
1334 873 1396 946 de·

278 978 511 1074 sperabiliter
532 978 647 1074 petiit.
698 977 881 1073 Cumque,
903 977 1003 1073 loqui
1025 1003 1099 1051 non
1118 976 1256 1063 valens,
1283 981 1398 1052 corde
1430 1004 1448 1068 5

277 1111 317 1158 se
345 1087 456 1158 beato
477 1086 677 1157 Francisco
697 1084 868 1156 devotius
892 1085 1181 1168 commendaret,
1205 1086 1329 1159 subito
1348 1089 1397 1159 de

278 1192 463 1288 profundo
492 1192 603 1264 maris
632 1193 737 1287 quasi
768 1217 879 1264 manu
910 1191 1070 1287 quadam
1098 1192 1251 1275 levatur,
1282 1209 1321 1266 et
1348 1195 1398 1265 ad

277 1315 430 1394 pontem
459 1298 635 1371 reductus
653 1298 734 1369 iam
764 1298 914 1381 dictum,
937 1324 957 1370 a
980 1299 1174 1396 naufragio
1204 1325 1286 1371 cum
1317 1299 1398 1372 aliis

277 1405 463 1479 liberatur.
513 1405 628 1477 Navis
647 1422 771 1478 autem
794 1405 909 1476 monti
931 1404 1057 1477 collisa
1076 1407 1225 1502 penitus
1240 1424 1298 1479 est
1312 1433 1397 1480 con-

279 1512 406 1585 fracta.
740 1505 747 1514 ’
1433 1535 1472 1581 10
1566 1539 1567 1544 ¹

706 1698 969 1705 ,ψῃ-Μ

515 1934 574 2004 De
601 1931 799 2003 carceratz's
826 1940 860 2002 et
887 1931 1031 2002 vz'nctz‘s.
1097 1930 1165 2007 XI.
1197 1935 1199 1939 ⁴

361 2149 421 2219 88.
445 2148 485 2218 ln
509 2145 695 2219 Romania
723 2144 912 2218 Graecum
942 2144 1133 2216 cuiusdam
1155 2143 1294 2216 domini
1321 2169 1395 2218 ser·

280 2257 441 2328 vientem
462 2253 619 2350 contigit
639 2254 685 2324 de
708 2253 804 2324 furto
833 2251 1011 2324 fallaciter
1037 2252 1214 2323 accusari.
1274 2250 1399 2345 Quem

279 2362 453 2436 dominus
480 2376 602 2433 terrae
637 2359 672 2431 in
705 2375 809 2432 arcto
838 2383 986 2430 carcere
1016 2358 1169 2431 mandat
1196 2357 1330 2430 includi
1362 2375 1400 2434 et

280 2468 444 2567 graviter
479 2467 668 2551 vinculari,
709 2466 947 2562 postmodum
985 2465 1176 2538 definitiva
1214 2466 1399 2539 sententia
1438 2488 1470 2552 ¹5

281 2576 377 2672 pede
397 2575 655 2647 truncandum.
705 2575 870 2646 Laborat
888 2572 988 2668 apud
1005 2572 1195 2644 dominum
1218 2596 1311 2644 uxor
1331 2598 1399 2668 pro

281 2681 487 2755 innocentis
502 2680 720 2754 liberatione
735 2680 911 2759 sollicita;
929 2679 996 2751 sed
1012 2704 1086 2751 non
1102 2680 1305 2776 acquiescit
1320 2705 1400 2776 pre-

281 2790 385 2862 cibus
399 2789 465 2860 viri
485 2788 672 2861 obstinata
685 2786 830 2859 duritia.
888 2785 1061 2858 Recurrit
1076 2786 1227 2858 domina
1241 2787 1400 2883 supplex

280 2898 329 2969 ad
341 2912 510 2969 sanctum
527 2894 765 2967 Franciscum
778 2910 816 2965 et
827 2894 906 2965 eius
916 2893 1045 2989 pietati
1057 2909 1146 2965 voto
1162 2893 1401 2967 commendat
1566 2974 1567 2993 χ

281 3004 479 3080 insontem.
535 3000 707 3074 Protinus
735 3000 843 3073 adest
866 2999 1085 3072 miserorum
1113 3000 1272 3085 adiutor,
1294 3019 1331 3073 et
1349 3001 1400 3073 vi·
1433 3021 1474 3066 20
1566 3034 1567 3085 2

282 3137 361 3182 rum
390 3109 425 3181 in
453 3133 603 3181 carcere
631 3107 794 3205 positum
823 3107 911 3179 dum
941 3107 1112 3179 manibus
1139 3107 1397 3204 apprehendit,

281 3218 390 3289 solvit
404 3212 561 3298 vincula,
579 3240 765 3287 carcerem
782 3214 930 3312 frangit¹
945 3212 1183 3286 innocentem
1199 3214 1298 3287 locas
1312 3216 1401 3288 edu·

282 3324 349 3396 cit:
373 3323 458 3419 Ego
477 3348 570 3406 sum,
593 3321 644 3394 ait
664 3321 733 3403 ille,
757 3320 814 3392 cui
835 3320 986 3393 domina
1008 3336 1071 3392 tua
1091 3337 1127 3393 te
1147 3321 1283 3394 devote
1303 3347 1401 3394 com-

183 3488 185 3491 .
283 3429 390 3502 misit.
441 3430 613 3525 Cumque
629 3428 688 3499 ille
704 3428 838 3499 timore
854 3427 1101 3523 corriperetur
1117 3453 1256 3526 magno
1276 3445 1314 3501 et
1333 3454 1401 3525 pro

282 3539 465 3610 descensu
485 3534 686 3608 altissimae
706 3535 808 3631 rupis
828 3535 1044 3631 voraginem
1075 3533 1255 3619 circuiret,
1278 3536 1402 3609 subito
1433 3555 1471 3620 25
1566 3578 1567 3583 =

284 3644 453 3717 nesciens
482 3641 639 3739 qualiter
667 3666 707 3713 se
736 3642 772 3713 in
802 3641 914 3737 plano
943 3642 1099 3724 invenit;
1123 3667 1211 3714 mox
1231 3668 1403 3715 reversus

281 3752 328 3825 ad
358 3749 546 3821 dominam
577 3775 682 3821 suam
712 3747 877 3820 miraculi
907 3748 1031 3820 retulit
1059 3749 1265 3821 veritatem.
1323 3750 1403 3822 Sta·

282 3860 347 3930 tim
369 3856 428 3929 illa
448 3882 593 3929 ceream
616 3855 701 3928 lecit
721 3881 789 3950 pro
805 3870 892 3926 voto
913 3854 1125 3952 imaginem,¹
1145 3882 1255 3952 quam
1277 3881 1402 3929 coram

282 3966 399 4037 sancti
428 3962 572 4059 pictura
601 3961 795 4058 suspendit
822 3960 994 4033 omnibus
1024 3963 1252 4035 intuendam.
1289 3963 1403 4035 Tur·
1566 4034 1567 4051 2

269 4074 390 4143 &batus
419 4085 618 4166 propterea
638 4071 692 4141 vir
713 4068 870 4165 iniquus,
894 4070 982 4140 dum
1003 4095 1159 4143 uxorem
1191 4095 1301 4142 manu
1322 4095 1403 4168 per·
1434 4099 1477 4166 30
1566 4118 1567 4151 2

283 4173 537 4260 cutit,'m0rbo
553 4176 632 4273 ipse
652 4200 850 4274 percussus
869 4175 1034 4273 graviter
1053 4176 1267 4260 infirmatur,
1286 4202 1308 4249 a
1328 4203 1404 4274 quo

282 4282 426 4356 liberari
463 4285 672 4356 nullatenus
704 4282 834 4380 potuit,
873 4284 995 4355 donec
1028 4283 1175 4380 culpam
1210 4284 1404 4357 consessus
1562 4262 1567 4326 l

281 4405 450 4462 sanctum
479 4391 553 4464 Dei
583 4392 822 4463 Franciscum
853 4390 999 4462 devotis
1028 4391 1199 4463 laudibus
1226 4390 1368 4464 extulit.
