3142 4875
527 340 675 430 358
1134 362 1549 410 TRACTATus
1611 361 1704 409 DE
1761 361 2149 409 MIRACULIs

522 593 901 666 Christum
959 593 1370 665 Dominum
1430 591 1922 665 collaudabat.
2042 593 2212 664 Non
2280 591 2477 664 enim
2537 592 2766 688 piscis

518 701 857 773 discessit
914 725 958 771 a
1016 700 1199 782 loc0,
1246 700 1489 771 donec
1531 698 1967 771 mandatum
2007 697 2102 769 illi
2151 715 2353 771 esset
2391 725 2434 771 a
2474 716 2758 771 sancto.

684 828 801 898 25.
868 806 1058 877 Cum
1117 806 1383 879 beatus
1441 805 1906 885 Franciscus‚
1969 822 2355 900 aspectum
2409 822 2485 877 ct
2543 807 2758 878 collo-

518 913 769 1008 quium
849 913 1230 985 hominum
1307 938 1511 985 more
1593 910 1813 984 solito
1885 911 2201 1009 fugienS‚
2286 913 2355 983 in
2434 915 2762 1008 quadam

520 1044 772 1093 eremo
804 1035 1330 1101 commaneret,
1370 1018 1557 1091 falco
1590 1019 1659 1090 in
1703 1020 1867 1091 loco
1900 1017 2022 1090 illo
2055 1018 2441 1091 nidificans
2481 1044 2760 1116 magno

520 1157 596 1197 ψ-
660 1125 752 1198 illi
829 1124 1196 1198 amicitiae
1271 1126 1575 1198 foedere
1651 1126 2049 1221 copulavit.
2190 1126 2383 1197 Nam
2463 1151 2761 1221 semper

527 1237 776 1305 liuram
838 1250 1201 1305 nocturno
1258 1250 1617 1329 ternpore,
1685 1232 1754 1304 in
1816 1257 1965 1328 qua
2021 1248 2322 1304 sanctus
2358 1233 2454 1306 ad
2508 1232 2759 1305 divina

520 1340 877 1436 tdffiequia
915 1364 1226 1437 surgere
1267 1339 1526 1412 solitus
1566 1355 1747 1420 erat,
1794 1356 2013 1411 cantu
2046 1363 2184 1411 suo
2222 1338 2757 1436 praeveniebat

520 1469 588 1517 ei.
652 1472 855 1518 sono.
992 1445 1219 1539 Quod
1276 1465 1537 1518 sancto
1595 1443 2099 1542 gratissimum
2159 1462 2340 1529 erat,
2402 1472 2495 1519 eo
2554 1447 2754 1542 quod

520 1573 720 1625 muta
775 1552 1287 1632 sollicitudine,
1351 1578 1577 1647 quam
1618 1552 1813 1624 circa
1851 1578 2021 1623 eum
2071 1554 2406 1649 gerebat,
2453 1579 2752 1625 omnem

516 1665 608 1729 al·
668 1685 758 1732 eo
797 1659 1128 1732 desidiae
1162 1684 1444 1731 moram
1473 1675 1882 1731 excuteret.
2003 1658 2194 1731 Cum
2236 1684 2414 1731 vero
2454 1678 2755 1732 sanctus

516 1769 759 1861 aliqua
834 1766 1256 1837 infirmitate
1336 1766 1499 1862 plus
1575 1765 1791 1838 solito
1869 1785 2327 1862 gravaretur,
2400 1768 2755 1862 parcebat

520 1877 721 1954 fulco,
788 1898 924 1945 nec
997 1889 1147 1944 tam
1205 1874 1691 1969 tempestivas
1748 1871 2123 1944 indicebat
2178 1872 2492 1970 vigilias.
2639 1873 2756 1945 Si-

516 1980 811 2073 quidem
856 1981 1055 2051 velut
1098 1979 1499 2050 instructus
1535 2003 1580 2051 a
1620 1978 1812 2061 Deo,
1869 1980 2065 2051 circa
2103 1978 2504 2051 diluculum
2549 1981 2753 2052 vocis

516 2113 690 2157 alnae
730 2110 1166 2182 campanam
1210 2085 1351 2157 levi
1390 2101 1592 2158 tactu
1643 2084 2006 2181 pulsabat.
2125 2086 2505 2158 Creatoris
2546 2112 2752 2182 prae-

515 2197 804 2289 cipuum
868 2209 1273 2265 amatorem
1336 2218 1485 2265 non
1529 2194 1793 2264 mirum
1831 2191 1888 2264 si
1930 2212 2382 2265 venerantur
2421 2194 2751 2289 reliquae

516 2316 915 2373 creaturae.

680 2412 791 2477 26.
858 2405 1146 2478 Nobilis
1201 2405 1503 2502 quidam
1561 2406 1657 2478 de
1717 2406 2066 2479 comitatu
2142 2406 2455 2480 Senensi
2528 2408 2751 2479 beato

520 2517 564 2581 1³
580 2514 909 2585 rancisco
942 2514 1337 2585 infirmanti
1372 2514 1781 2585 fascianum
1813 2539 2040 2585 unum
2072 2513 2495 2587 transmisit.
2599 2515 2746 2608 Qui

512 2649 676 2689 mm
735 2620 1075 2692 alacriter
1132 2620 1330 2692 illum
1391 2620 1822 2716 susciperet,
1863 2646 2007 2692 non
2067 2623 2403 2717 appetitu
2451 2622 2743 2694 edendi.

512 2729 640 2797 ψ]
702 2752 909 2799 more
966 2752 1117 2823 quo
1175 2727 1247 2799 in
1288 2727 1556 2799 talibus
1597 2728 1852 2799 laetari
1895 2726 2184 2799 solebat
2228 2728 2327 2800 ob
2369 2726 2750 2800 Creatoris

512 2859 860 2913 .,:unnrem‚
926 2833 1113 2905 dixit
1169 2835 1264 2906 ad
1323 2834 1766 2906 fascianum:
1833 2833 2215 2906 Laudatus
2272 2835 2365 2906 sit
2434 2835 2749 2907 Creator

515 2961 780 3022 muster,
845 2939 1070 3013 frater
1110 2940 1453 3013 fasciane.
1573 2941 1671 3012 Et
1706 2941 1811 3012 ait
1848 2942 1944 3013 ad
1987 2941 2284 3013 fratres:
2331 2941 2748 3013 Tentemus

512 3050 652 3118 inm
714 3072 907 3119 nunc
966 3048 1023 3118 si
1085 3049 1308 3120 frater
1364 3047 1735 3120 fascianus
1791 3047 1968 3121 velit
2009 3048 2395 3120 nobiscum
2449 3048 2738 3121 morari.

508 3182 596 3222 nn
660 3155 752 3225 ad
812 3155 975 3226 loca
1032 3152 1248 3226 solita
1315 3170 1390 3225 et
1464 3154 1704 3252 magis
1778 3153 1916 3227 sibi
1994 3180 2329 3251 congrua
2401 3180 2740 3252 pergere.

516 3262 596 3330 lit
664 3280 966 3354 portans
1023 3286 1192 3333 eum
1253 3261 1554 3357 quidam
1633 3262 1857 3334 frater
1913 3263 2007 3333 de
2067 3262 2300 3334 sancti
2363 3263 2737 3340 mandato,

512 3370 729 3462 lunge
805 3367 1004 3439 illum
1078 3367 1149 3439 in
1224 3368 1443 3440 vinea
1513 3368 1784 3463 posuit.
1899 3369 2047 3462 Qui
2123 3369 2372 3441 statim
2450 3367 2744 3441 concito

508 3500 765 3562 gressu
823 3475 921 3546 ad
978 3473 1237 3547 cellam
1299 3499 1642 3547 reversus
1698 3494 1811 3547 est
1867 3474 2117 3572 patris.
2238 3477 2508 3548 Iterum
2570 3502 2740 3548 eurn

512 3582 800 3678 salvagius
858 3579 1030 3677 poni
1093 3582 1493 3678 praecepit,
1560 3582 1684 3677 qui
1727 3581 2164 3678 pernicitate
2205 3581 2602 3677 maxim[a]
2647 3585 2740 3655 ad

508 3690 735 3758 .-vilae
790 3688 1060 3785 ostium
1138 3688 1374 3771 rediit,
1438 3705 1512 3760 et
1584 3688 1794 3784 quasi
1854 3687 1997 3760 vim
2059 3689 2358 3772 facienS,
2439 3691 2578 3761 sub
2634 3705 2738 3761 tu·

508 3794 686 3866 uicis
755 3795 1079 3874 fratrum,
1159 3796 1283 3891 qui
1352 3812 1563 3867 erant
1639 3796 1711 3867 in
1781 3796 1993 3878 ostiO,
2059 3795 2410 3872 introivit.
2526 3796 2742 3867 Iussit

504 3902 811 3994 [eff-winde
871 3901 1068 3973 illum
1130 3921 1432 3973 sanctus
1487 3900 1886 3998 diligenter
1945 3903 2221 3985 nutriri,
2300 3902 2741 3998 amplexans

508 4010 699 4078 {llum
761 4025 836 4079 et
907 4008 1245 4081 dulcibus
1303 4007 1547 4080 verbis
1621 4009 2074 4080 demulcens,
2211 4009 2497 4081 Videns
2553 4010 2739 4082 haec

508 4115 833 4185 ivn-[licus
875 4115 1196 4210 quidam.
1225 4132 1483 4187 sancto
1515 4116 1659 4187 Dei
1703 4117 1881 4188 satis
1919 4115 2257 4197 devotus,
2294 4116 2506 4211 petiit
2536 4115 2734 4187 illum

524 4258 532 4286 ⁴.
608 4221 964 4302 fratribus
1034 4223 1293 4294 nolens
1349 4247 1519 4293 eum
1582 4224 1999 4302 comedere,
2062 4223 2197 4294 sed
2240 4221 2439 4292 illum
2482 4224 2580 4293 ob
2621 4248 2738 4294 re-

649 4462 726 4513 29-
770 4447 834 4497 M
863 4450 1098 4499 maxime
1251 4465 1328 4515 3³·
1362 4448 1467 4499 AB
1501 4449 1607 4501 hoc

2841 1047 2861 1104 5

2827 1577 2909 1624 10

2827 2117 2895 2180 15

2814 2649 2900 2695 20

2811 3145 2887 3243 is

2807 3713 2892 3777 30

2804 4251 2881 4316 35
