3142 4875
615 335 895 385 PROLEGOMENA
1227 338 1314 389 XLIX

180 557 254 623 darn
277 556 375 626 illum
399 558 551 626 dicebant
575 559 812 648 autographum
831 560 930 647 ipsius
954 559 1107 627 Tlromae
1131 585 1149 627 a
1169 561 1314 630 Celano:

179 663 343 752 siquidem
371 666 413 732 ad
437 665 559 732 calcem
582 667 688 754 operis
711 668 917 733 amanuensis
941 666 1075 736 addidit:

368 808 491 862 Pontius
510 822 603 863 exoret
621 809 782 863 Franciscus
802 827 851 879 pro
870 822 897 863 te
916 824 944 864 ut
963 824 1021 864 oret

371 896 469 950 Gloria
487 898 522 950 sit
541 897 650 951 Christe
669 915 750 968 quem
770 898 837 951 liber
857 898 967 969 explicit
985 900 1035 952 iste

370 983 462 1038 Finito
481 985 549 1038 libro
567 985 693 1038 reddatur
710 985 794 1056 gratia
815 985 927 1040 Christo

370 1074 424 1128 Hic
443 1073 512 1127 liber
530 1089 570 1127 est
588 1075 705 1145 scriptus
724 1075 770 1145 qui
788 1075 895 1145 scripsit
913 1076 947 1127 sit
966 1076 1122 1130 benedictus

372 1160 431 1225 Qui
450 1163 554 1233 scripsit
571 1163 669 1216 scribat
689 1179 736 1232 per
755 1161 839 1215 multa
858 1175 983 1234 tempora
1003 1164 1083 1218 vivat.

251 1305 406 1371 Huiusce
426 1301 556 1383 codicis,
575 1326 672 1391 quem
697 1306 729 1371 in
753 1303 812 1370 hac
837 1302 977 1371 editione
1001 1326 1128 1392 sequor,
1149 1305 1315 1373 accuratis·

182 1410 308 1477 simum
345 1409 568 1498 apographum
600 1410 694 1478 habui
727 1408 864 1477 fraterna
896 1410 1118 1478 benevolentia
1152 1415 1192 1479 A.
1220 1414 1255 1480 ll.
1280 1414 1315 1478 P.

184 1518 354 1585 Francisci
376 1517 506 1584 Xaverii
529 1516 567 1582 ab
588 1517 882 1604 Arenys-de-Mar,
902 1537 1030 1585 nostrae
1049 1520 1232 1606 provinciae
1254 1519 1316 1588 Ca-

184 1624 352 1692 talauniae
385 1623 522 1690 Ministri
554 1623 773 1702 provincialis,
799 1624 848 1690 cui
882 1625 1111 1711 gratitudinem
1135 1648 1175 1691 ex
1206 1625 1317 1692 auimo

185 1750 343 1799 testatam
368 1730 493 1817 publice
515 1730 613 1796 volui.
660 1731 730 1820 (De
753 1730 909 1797 methodo
929 1732 962 1796 in
987 1730 1129 1798 editione
1149 1731 1317 1798 observata

186 1838 263 1904 vide
289 1837 376 1905 infra
401 1859 469 1925 cap.
494 1837 570 1925 Vl).

254 1944 552 2011 Ebroicensis.
592 1943 676 2011 cod.
688 1941 835 2023 membr„
846 1966 928 2011 saec.
943 1965 1013 2023 xm,
1026 1953 1215 2030 290><210
1226 1967 1316 2026 mm,

187 2049 243 2120 fol.
275 2055 353 2137 136,
377 2050 474 2118 hodie
498 2051 655 2139 repositus
678 2055 710 2117 in
735 2049 932 2118 Bibliotheca
955 2053 1091 2138 civitatis
1116 2050 1318 2118 Ebroicensis

187 2179 218 2226 et
243 2158 399 2246 catalogo
423 2157 598 2244 adscriptus
625 2157 683 2224 sub
708 2180 788 2223 num
817 2161 934 2224 111.(¹>
981 2159 1052 2225 Fuit
1076 2158 1156 2224 olim
1180 2157 1318 2226 celeber-

187 2267 261 2332 rimi
289 2265 494 2345 Monasterii,
515 2264 648 2331 Ordinis
673 2265 782 2330 Sancti
806 2261 982 2345 Benedicti,
1002 2266 1118 2332 Beatae
1137 2266 1259 2332 Mariae
1279 2264 1317 2332 de

190 2374 291 2459 Lyra,
318 2372 350 2438 in
376 2371 515 2439 dioecesi
541 2370 782 2439 Ebroicensi.(²)

256 2480 419 2548 Continet
442 2477 597 2566 opuscula
620 2478 717 2557 varia,
741 2477 875 2544 diversis
899 2478 1097 2565 temporibus
1122 2478 1253 2567 scripta:

264 2640 294 2695 ff.
318 2656 366 2694 1·2
391 2641 569 2709 transcriptae
587 2653 650 2692 sunt
673 2653 727 2693 tres
753 2639 847 2693 Bullae
868 2640 1020 2693 innocentii
1041 2640 1080 2693 Ill
1101 2656 1171 2710 quae
1192 2641 1225 2693 ad
1250 2642 1319 2694 Ter-

189 2747 236 2784 rae
261 2731 382 2783 Sanctae
407 2729 579 2782 necessitates
603 2742 726 2800 spectant
751 2742 777 2782 et
796 2729 914 2782 directae
933 2728 957 2796 (l
978 2742 1004 2781 et
1030 2728 1082 2793 Ill)
1102 2728 1318 2799 Archiepiscopo

189 2819 414 2890 Rothomagensi
434 2830 461 2871 et
485 2816 661 2886 suffraganeis
681 2830 707 2870 et
726 2817 807 2870 etiam
822 2817 872 2884 (ll)
892 2817 1023 2870 universis
1043 2816 1271 2870 christifidelibus
1292 2816 1317 2867 in

190 2908 334 2980 pronuncia
354 2906 568 2977 Rothomagensi
586 2907 743 2960 constitutis.
754 2906 789 2959 (3)

266 2996 295 3051 ff.
318 3012 423 3067 3-a9a:
444 2996 536 3049 Severi
556 2996 668 3066 Sulpicii
689 2995 788 3067 dialogi
807 3009 860 3049 tres
880 2997 913 3050 de
931 2996 1074 3049 virtutibus
1094 2997 1179 3049 sancti
1201 2995 1318 3048 Martini.

267 3085 296 3140 ff.
316 3086 430 3155 29b-32
441 3086 470 3138 b:
490 3084 628 3155 Epistolae
645 3083 766 3138 eiusdem
782 3085 816 3138 ad
833 3084 981 3138 Eusebium
998 3085 1228 3155 presbiterum...
1245 3096 1270 3137 et
1287 3083 1318 3136 ad

194 3174 341 3228 Aurelium
360 3174 515 3226 diaconum.

267 3261 294 3316 ff.
316 3261 469 3333 33a-67b:
489 3261 573 3316 Glosa
593 3261 619 3315 in
640 3263 813 3333 evangelium
833 3262 984 3315 secundum
1005 3262 1146 3315 loannem.

268 3350 296 3404 ff.
315 3352 350 3404 68
361 3364 468 3421 a-92a:
487 3350 559 3403 Petri
579 3350 724 3403 lombardi
745 3351 947 3403 Sententiarum
969 3350 1036 3404 liber
1056 3349 1075 3402 Ι,

270 3439 296 3494 ff.
317 3455 349 3511 93
362 3441 486 3494 a·128a:
509 3439 571 3493 Vita
591 3439 661 3493 beati
681 3439 827 3493 francisci.

271 3528 296 3582 ff.
321 3544 369 3599 129
380 3527 505 3598 a-136b:
526 3527 644 3582 Historia
663 3528 696 3581 de
715 3528 820 3582 excidio
841 3528 933 3597 Troje.

272 3718 314 3785 (1)
327 3715 462 3786 Cataloguc
473 3717 575 3787 glabral
583 3715 623 3770 des
637 3717 789 3770 ,ltanuscrirs
798 3716 837 3768 der
850 3716 1023 3784 bilrliotlripucs
1033 3716 1162 3785 pulrlipuct
1172 3714 1199 3767 de
1214 3714 1321 3767 Fronte.

197 3807 420 3876 Departements‚
439 3818 457 3858 t.
478 3804 510 3871 ll,
530 3822 557 3874 p.
575 3818 636 3871 454,
656 3804 739 3868 Paris,
762 3804 838 3858 1888.

271 3894 315 3963 (2)
334 3892 487 3945 Fundatum
507 3908 579 3944 anno
603 3890 669 3957 1046
687 3891 878 3961 (Cuevntrm,
904 3890 1067 3959 'lopo-etat,
1086 3906 1109 3943 c.
1135 3892 1221 3958 1075).

272 3981 315 4052 (3)
335 3980 469 4036 «Graves
489 3981 626 4034 orientalis
640 4002 664 4041 rr,
684 3998 724 4052 ap.
746 3981 880 4044 lateran,
900 3979 916 4032 6
936 3978 986 4032 kal.
1006 3979 1070 4042 ian,
1091 3995 1133 4030 an.
1154 3977 1189 4041 Il,
1209 3991 1242 4044 27
1266 3978 1323 4031 dec.

202 4084 279 4141 1199.
292 4099 328 4110 —
343 4069 426 4123 «Nisi
444 4070 522 4123 nobis
541 4069 678 4133 dictum»,
691 4069 753 4123 ibid.
772 4085 786 4121 2
807 4086 871 4121 non.
891 4069 953 4131 ian,
972 4085 1015 4120 an.
1035 4068 1069 4131 ΙΙ,
1089 4082 1106 4133 4
1125 4067 1178 4119 ian.
1199 4081 1276 4119 1200.
1290 4096 1323 4104 —

201 4181 217 4211 e
230 4160 280 4214 Vir
298 4176 366 4214 unus
381 4180 405 4226 r,
424 4161 496 4224 ibid,
515 4177 558 4213 an.
576 4157 652 4223 VIII,
670 4174 743 4227 1205.
760 4189 795 4199 -
812 4158 854 4213 Cf.
875 4160 1041 4221 Porrunsr,
1061 4159 1159 4227 Regula
1175 4156 1323 4226 Pontificum

200 4249 384 4311 Romanorum,
402 4261 469 4303 tom.
488 4249 510 4305 Ι,
528 4262 590 4319 922,
609 4261 669 4318 935,
685 4247 767 4314 25183
786 4247 895 4310 Minna,
912 4247 983 4299 Patr.
1000 4246 1094 4307 Latin,
1111 4257 1129 4297 t.
1148 4259 1207 4308 214,
1225 4261 1247 4297 c.
1264 4243 1326 4307 828,

201 4338 268 4405 8323
287 4351 306 4392 t.
326 4351 386 4403 215,
405 4354 428 4391 c.
447 4336 507 4406 634.
544 4337 662 4390 Eaedem
681 4336 784 4389 litterae
803 4336 970 4406 apostolicae
990 4352 1037 4404 per
1056 4347 1145 4387 toturn
1165 4332 1261 4385 orbem
1281 4348 1325 4383 ca·

202 4425 339 4479 rholicum
359 4423 465 4478 suerunt
485 4425 636 4479 mandatae.
