3142 4875
252 334 301 404 50
649 333 822 382 LEGENun
849 332 962 381 erux

250 567 373 641 media
404 567 522 638 noctis
550 566 653 648 hora,
675 565 898 661 quibusdam
928 591 949 638 e
979 565 1151 639 iratribus
1179 565 1373 662 quiescen-

251 675 360 756 tibus,
392 672 614 769 quibusdam
656 697 747 745 vero
776 672 812 744 in
842 671 989 744 silentio
1021 672 1224 745 affectuose
1265 697 1373 744 oran-

250 782 359 864 tibus,
399 806 467 877 per
501 778 675 853 ostiolum
710 778 846 851 domus
880 804 1009 851 currus
1044 778 1177 876 igneus
1211 778 1371 876 splendi-

251 886 425 960 dissimus
462 886 613 971 intrans,
652 885 784 958 bis-et
821 902 888 968 ter,
919 885 991 958 huc
1025 902 1139 981 atque
1175 884 1270 968 illuc,
1304 910 1372 982 per

251 992 478 1067 domicilium
497 1019 539 1066 se
568 993 761 1074 convertit,
785 995 931 1088 [supra]
953 1017 1065 1089 quem
1094 991 1230 1090 globus
1254 992 1372 1065 maxi·
1404 1026 1420 1090 5

252 1127 334 1173 mus
372 1100 569 1184 residebat,
602 1099 664 1195 qui
702 1098 791 1172 solis
827 1099 970 1171 habens
997 1116 1190 1196 aspectum
1220 1116 1369 1172 noctem

252 1210 393 1281 clarere
421 1205 518 1279 fecit.
578 1206 839 1304 Obstupelacti
867 1222 954 1278 sunt
972 1206 1182 1304 vigilantes,
1204 1206 1370 1279 exterriti

224 1331 338 1411 sunt
372 1314 613 1398 dormientes,
657 1330 695 1385 et
738 1338 812 1386 non
849 1312 970 1386 minus
1009 1312 1132 1386 cordis
1173 1328 1371 1386 senserunt

252 1447 364 1517 quam
394 1421 561 1518 corporis
589 1419 806 1493 claritatem.
872 1419 1192 1492 Convenientibus
1220 1444 1372 1516 quoque

253 1529 288 1600 in
319 1553 444 1611 unum,
467 1543 671 1623 coeperunt
700 1552 881 1622 quaerere
911 1526 1007 1599 inter
1034 1526 1183 1622 sequid
1213 1527 1283 1599 hoc
1312 1552 1373 1598 es·
1407 1557 1448 1604 10

252 1651 329 1716 set;
361 1635 426 1707 sed
455 1660 503 1706 ex
532 1634 567 1704 vi
603 1650 640 1705 et
677 1632 799 1730 gratia
835 1649 961 1706 tantae
989 1634 1092 1718 lucis,
1124 1632 1231 1705 unius
1266 1633 1372 1706 alteri

252 1758 333 1814 erat
361 1739 589 1813 conscientia
618 1740 825 1813 manifesta.
886 1742 1206 1837 [Praerogativa]
1265 1739 1373 1813 lntel-

252 1850 423 1921 lexerunt
451 1847 615 1944 denique
643 1872 686 1919 ac
717 1864 901 1920 noverunt
928 1848 1089 1920 animam
1111 1847 1227 1920 sancti
1257 1846 1373 1943 patris

253 1954 439 2028 exstitisse
475 1954 622 2051 fulgore
649 1969 725 2027 tam
755 1952 918 2027 maxime
947 1955 1164 2039 radiantem,
1198 1979 1294 2050 quae
1323 1956 1372 2027 ob

252 2055 477 2159 praecipuae
505 2059 676 2157 puritatis
708 2086 799 2133 suae
828 2059 998 2158 gratiam,
1030 2077 1067 2133 et
1103 2086 1264 2160 magnae
1296 2062 1373 2158 pie·
1408 2092 1447 2157 15

252 2169 337 2242 tatis
375 2169 410 2240 in
450 2167 543 2240 filios
580 2192 717 2250 curam,
749 2166 842 2240 tanti
879 2167 1043 2240 muneris
1071 2167 1372 2240 benedictionem

252 2302 273 2348 a
302 2274 468 2347 Domino
497 2275 631 2347 meruit
659 2275 841 2373 obtinere.

332 2384 394 2472 48.
425 2381 474 2455 Et
509 2379 661 2477 quidem
701 2379 906 2454 manifestis
943 2379 1087 2454 indiciis
1115 2382 1266 2478 saepius
1302 2382 1373 2454 hoc

253 2490 456 2585 probarant
492 2504 530 2561 et
559 2489 703 2584 experti
743 2489 888 2561 lucrant
917 2488 1063 2561 occulta
1091 2490 1214 2562 cordis
1242 2514 1373 2562 eorum

253 2611 396 2692 patrem
426 2595 699 2668 sanctissimum
731 2620 805 2667 non
835 2595 963 2672 latere.
1020 2594 1056 2668 O
1086 2596 1242 2692 quoties,
1273 2596 1374 2668 nullo
1405 2626 1450 2674 20

253 2703 413 2776 docente
450 2702 610 2784 homine,
643 2703 709 2774 sed
745 2701 884 2797 Spiritu
922 2719 1051 2774 sancto
1080 2702 1280 2787 reuelante,
1310 2703 1374 2775 ab·

252 2809 412 2881 sentium
444 2810 596 2882 fratrum
617 2825 699 2881 acta
719 2807 907 2905 cognovit,
931 2808 1076 2881 occulta
1100 2810 1267 2882 cordium
1287 2834 1373 2905 ape-

252 2917 324 2989 ruit
344 2934 381 2989 et
401 2915 666 2989 conscientiam
696 2914 920 3012 exploravit!
979 2915 1015 2988 O
1035 2933 1196 3012 quantos
1221 2916 1257 2988 in
1277 2941 1373 2988 som·

254 3024 310 3095 nis
338 3023 542 3105 admonuit,
581 3022 717 3119 quibus
745 3038 783 3095 et
812 3023 962 3121 agenda
997 3023 1190 3120 praecepit
1224 3040 1261 3095 et
1299 3047 1371 3095 non

252 3132 402 3227 agenda
431 3129 636 3226 prohibuit!
695 3129 976 3225 Oquantorum
1002 3131 1124 3202 sutura
1153 3131 1249 3202 mala
1268 3154 1373 3226 prae·
1403 3161 1446 3226 25

252 3236 355 3322 dixit,
387 3263 544 3333 quorum
574 3236 787 3333 praesentia
817 3238 915 3308 bona
943 3234 979 3307 in
1009 3237 1102 3308 facie
1131 3236 1371 3309 videbantur!

252 3343 313 3415 Sic
342 3360 380 3416 et
407 3342 641 3465 iniquitatum
672 3344 783 3415 finem
815 3344 1055 3465 plurimorum
1085 3342 1299 3439 praesciens
1319 3344 1372 3415 su·

252 3466 383 3534 turam,
416 3451 452 3522 in
482 3450 571 3571 ipsis
600 3450 759 3548 gratiam
790 3448 917 3522 salutis
949 3450 1139 3522 nuntiavit.
1198 3450 1371 3522 lmmo
1343 3475 1373 3521 si

252 3555 334 3652 quis
362 3557 532 3678 puritatis
561 3574 598 3628 et
618 3555 864 3653 simplicitatis
883 3557 1011 3652 spiritu
1035 3558 1168 3630 meruit
1188 3555 1370 3638 illustrari,

251 3662 404 3735 visionis
432 3664 522 3747 eiua,
555 3664 668 3736 modo
697 3664 854 3736 caeteris
884 3663 1089 3760 inexperto
1042 3664 1374 3736 tconsolatione
1405 3693 1449 3757 30

251 3769 391 3866 potitus
433 3788 491 3842 est
532 3769 722 3867 singulari.
781 3771 957 3842 Referam
1000 3795 1113 3842 unum
1157 3771 1253 3843 inter
1290 3769 1371 3853 alia,

327 3995 348 4047 3.
362 3980 421 4044 AS,
437 3980 478 4045 H,
497 3981 539 4045 M,
558 3981 615 4045 Ox,
633 3981 670 4043 R,
690 3981 724 4031 W
733 3983 832 4033 ostium
908 3996 931 4048 5.
945 3982 966 4034 B
978 3998 1058 4052 super
1131 3997 1154 4050 7.
1169 3983 1228 4045 AS,
1244 3983 1279 4035 Os
1292 3981 1376 4034 clare·

251 4073 327 4110 scere
382 4059 525 4113 Eclaram
602 4076 641 4114 ιο.
665 4061 701 4113 W
715 4061 784 4114 intra
861 4078 901 4131 ¹5·
921 4063 1052 4134 puritatis]
1074 4062 1094 4116 R
1114 4064 1279 4133 paternitatis
1292 4070 1315 4117 et
1330 4063 1375 4132 leg.

253 4137 389 4191 maximae
405 4138 457 4208 pie.
533 4139 731 4193 reuertatur
808 4144 949 4197 18.Rom.
969 4144 1076 4212 saepius
1150 4158 1192 4196 22.
1208 4143 1253 4197 AS
1265 4143 1376 4213 agnovit

253 4230 295 4284 23.
310 4216 352 4280 H,
368 4217 415 4282 Os,
431 4219 487 4283 Ox,
503 4218 536 4283 P,
554 4218 588 4271 W
595 4220 775 4273 conscientias
849 4223 1002 4293 23-24.AS
1012 4239 1112 4276 somno
1187 4238 1228 4292 ²7-
1245 4222 1377 4275 ll'Sedet

254 4295 460 4366 Mpraecipiens
499 4300 616 4352 Psciens
685 4300 725 4351 28.
737 4301 816 4354 ASin
828 4303 919 4355 multis
987 4303 1083 4373 mas
1092 4303 1156 4374 quid
1227 4303 1312 4369 30.H
1327 4321 1375 4358 om.

255 4374 338 4426 modo
354 4382 375 4428 et
390 4376 434 4447 lag.
450 4378 586 4448 inexperta
661 4396 701 4449 31.
717 4380 778 4446 As,
796 4382 829 4435 M
840 4383 926 4452 potius
944 4396 984 4436 est
1036 4382 1205 4437 LNarratio.
1222 4382 1345 4436 Referam
