3142 4875
608 400 713 450 asan
741 399 927 449 nnnncncr
1251 376 1323 467 285

207 633 363 707 deberet
376 649 597 706 extremum.
643 631 707 705 Ad
717 658 859 719 ensem,
872 632 1001 730 inquit,
1015 659 1089 706 non
1105 631 1179 705 cito
1194 657 1327 706 manus

207 739 389 813 mittenda
416 757 484 813 est.
542 739 638 812 Eum
658 764 748 812 vero
769 739 832 836 qui
861 754 1064 837 praecepto
1087 739 1325 813 obedientiae

207 847 361 920 obedire
390 873 464 920 non
493 845 696 941 festinaret,
726 871 795 919 nec
823 845 948 919 Deum
987 848 1127 931 timere,
1160 870 1230 918 nec
1257 845 1327 919 ho·

209 951 346 1027 minem
365 952 537 1028 revereri.
595 954 657 1026 Nil
677 952 800 1025 verius
828 953 917 1026 istis.
975 954 1072 1027 Nam
1092 950 1183 1049 quid
1211 953 1248 1025 in
1274 967 1326 1026 te·

161 1084 176 1156 5
207 1059 367 1134 merario
394 1076 639 1158 praeceptore
680 1057 880 1133 auctoritas
909 1060 1116 1157 imperandi
1149 1058 1218 1155 nisi
1247 1061 1326 1157 gla-

207 1165 290 1240 dius
319 1168 355 1240 in
384 1193 495 1240 manu
525 1164 677 1240 furiosi?
734 1166 836 1261 Quid
863 1192 954 1240 vero
982 1166 1217 1264 desperatius
1245 1164 1325 1239 reli·

207 1273 316 1373 gioso
345 1273 596 1348 obedientiam
626 1272 915 1347 contemnente?

212 1674 284 1774 [Oe
307 1677 441 1771 fratre
474 1676 581 1748 cuius
612 1677 773 1773 proiecit
809 1678 850 1748 in
886 1677 972 1774 εἶπα
1007 1676 1198 1772 caputium
1233 1678 1326 1773 quia

288 1793 368 1864 sine
394 1792 595 1865 obedientia
623 1802 772 1864 venerat
808 1792 890 1864 licet
915 1791 1099 1865 devotione
1126 1792 1323 1893 trahente}

140 1933 179 1977 10
289 1906 426 1980 CXIV.

293 2140 375 2213 154.
397 2118 577 2193 Ablatum
607 2119 768 2216 quadam
797 2118 878 2192 vice
908 2118 1097 2216 caputium
1126 2118 1239 2204 fratri,
1261 2118 1325 2217 qui

207 2226 287 2300 sine
316 2225 530 2301 obedientia
549 2228 650 2299 solus
668 2241 832 2310 venerat,
855 2224 891 2298 in
923 2251 1061 2324 magno
1089 2227 1178 2325 igne
1197 2225 1327 2324 proiici

208 2334 320 2407 iubet.
378 2332 490 2406 Nullo
509 2349 635 2423 autem
654 2333 868 2406 excutiente
884 2333 1083 2430 caputium,
1100 2336 1327 2407 verebantur

208 2443 307 2514 enim
336 2441 451 2540 patris
469 2440 610 2514 vultum
630 2466 832 2538 parumper
851 2456 1090 2526 commotum,
1113 2440 1217 2515 iubet
1236 2440 1325 2514 illud

142 2575 177 2639 15
208 2565 358 2622 sanctus
373 2546 514 2621 detrahi
531 2547 688 2621 flammis
704 2547 793 2620 nihil
811 2546 986 2621 laesionis
1003 2549 1196 2645 adeptum.
1242 2548 1326 2621 Hoc

209 2654 277 2729 etsi
307 2654 438 2728 merita
466 2654 583 2728 sancti
613 2654 811 2751 potuerint,
835 2653 1002 2728 fortassis
1022 2670 1060 2727 et
1079 2652 1175 2728 illius
1203 2655 1327 2729 fratris

210 2787 282 2835 non
311 2761 429 2834 defuit
458 2762 640 2835 meritum.
698 2761 904 2835 Evinxerat
931 2761 1030 2834 enim
1060 2787 1145 2835 eum
1174 2761 1327 2836 devotio

209 2868 358 2942 videndi
387 2884 531 2966 patrem
552 2866 836 2952 sanctissimum,
854 2868 940 2943 licet
959 2868 1135 2942 discretio
1160 2895 1234 2942 non
1264 2870 1327 2942 ad-

209 2975 318 3049 fuerit
344 2975 477 3073 auriga
505 2976 584 3048 sola
612 2975 801 3047 virtutum.

636 3184 903 3193 Ἥ

138 3389 181 3436 20
213 3361 286 3461 [De
303 3361 382 3434 ln‘z‘s
407 3363 479 3457 qui
498 3361 629 3433 bonum
649 3361 709 3433 vel
723 3361 867 3433 malum
896 3361 1105 3458 exemplum
1124 3362 1273 3446 dabant,
1294 3374 1329 3436 et

287 3481 331 3553 de
357 3480 552 3552 cuiusdam
581 3479 668 3552 boni
677 3478 829 3572 sratrzlr
851 3480 1024 3577 exemplu,
1045 3491 1079 3552 et
1105 3506 1203 3554 rnore
1229 3483 1329 3553 onti-

287 3595 474 3694 quorum].
534 3594 654 3673 CXV.

296 3833 378 3904 155.
399 3811 624 3884 Affirmabat
651 3809 820 3884 Minores
847 3813 979 3885 fratres
1007 3813 1209 3885 novissimo
1237 3828 1328 3885 tem·

210 3944 300 4015 pore
329 3919 508 3992 idcircoa
536 3918 622 3991 Deo
646 3919 790 3995 missos,
813 3935 854 3991 ut
881 3937 1121 4015 peccatorum
1142 3918 1329 3992 obvolutis

139 4055 178 4121 25
211 4024 369 4124 caligine
389 4023 480 4099 lucis
500 4024 673 4121 exempla
694 4041 955 4100 monstrarent.
1013 4024 1252 4100 Suavissimis
1276 4027 1329 4099 di-

211 4133 319 4205 cebat
346 4158 386 4205 se
415 4130 549 4229 repleri
578 4130 767 4213 odoribus,
799 4147 837 4206 et
865 4133 1045 4230 unguenti
1075 4132 1229 4230 pretiosi
1257 4133 1328 4207 vir·

210 4253 289 4313 tute
324 4238 430 4323 liniri,
461 4265 546 4312 cum
582 4254 797 4312 sanctorum
830 4240 985 4312 fratrum
1020 4266 1088 4338 per
1116 4241 1247 4314 orbem
1275 4240 1328 4314 di·

284 4449 433 4504 1.Rdebet
509 4448 744 4519 16.Mpotuerunt
819 4451 902 4518 17.M
913 4450 1035 4504 Duxerat
1109 4452 1195 4518 24.M
1205 4452 1330 4505 Domino
