3142 4875
286 338 360 407 228
660 361 832 411 teoeunn
859 361 1026 411 secunus

309 646 574 742 [Reprehensio
589 647 739 741 fratris
767 646 974 718 rnendz'care
1002 645 1188 741 nolanus}
1252 645 1368 718 XLV.
1391 655 1393 659 ’

363 853 421 923 75.
443 831 606 905 Dicebat
625 858 738 929 saepe
757 833 891 905 beatus
910 832 1144 915 FranciscuS,
1167 834 1270 929 quod
1289 858 1399 905 verus

279 940 392 1011 frater
421 939 545 1011 Minor
574 964 647 1011 non
686 938 841 1010 multum
878 954 978 1011 stare
1014 941 1169 1012 deberet
1207 940 1295 1036 quin
1330 965 1397 1035 pro

279 1046 529 1140 eleemosynis
567 1045 645 1118 iret.
720 1046 770 1118 Et
806 1062 947 1141 quanto
989 1045 1156 1128 nobilior,
1201 1045 1262 1128 ait,
1303 1044 1397 1118 filius

280 1178 385 1225 meus
414 1168 480 1234 est,
513 1168 616 1224 tanto
636 1153 683 1223 sit
712 1151 919 1248 promptior
947 1151 994 1222 ad
1022 1152 1197 1236 eundum,
1221 1153 1395 1248 quoniam
1425 1181 1443 1244 5
1564 1167 1565 1262 l

277 1259 400 1332 taliter
437 1258 470 1330 ei
509 1258 640 1330 merita
675 1258 920 1331 cumulantur.
986 1258 1131 1330 Aderat
1168 1258 1203 1331 in
1233 1259 1396 1355 quodam
1564 1277 1565 1334 l

277 1367 361 1438 loco
381 1365 494 1437 srater
512 1365 663 1460 quidam
693 1365 740 1436 ad
769 1364 1048 1460 eleemosynam
1069 1366 1199 1447 nullus,
1223 1366 1271 1437 ad
1298 1391 1397 1437 men·

278 1498 357 1544 sam
385 1471 520 1569 plures
579 1473 703 1566 Quem
732 1489 883 1543 sanctus
912 1472 1110 1546 attendens
1138 1471 1278 1544 ventris
1305 1472 1398 1545 ami·

278 1604 374 1659 cum,
396 1579 535 1649 fructus
555 1578 783 1674 participem,
808 1576 945 1650 laboris
968 1594 1172 1674 expertem,
1199 1578 1251 1650 sic
1281 1579 1397 1651 semel

277 1683 398 1757 intulit
426 1683 478 1756 ei:
509 1684 617 1756 Vade
646 1685 743 1756 viam
772 1702 885 1767 tuam,
917 1686 1031 1757 frater
1059 1709 1196 1764 musca,
1219 1683 1396 1781 quoniam
1430 1713 1471 1759 10

276 1792 332 1863 vis
347 1793 546 1864 comedere
562 1790 737 1863 sudorem
758 1792 911 1863 fratrum
933 1808 1080 1864 tuorum
1103 1807 1140 1863 et
1155 1817 1238 1863 esse
1254 1789 1397 1863 otiosus

276 1899 312 1969 in
341 1924 457 1994 opere
485 1898 569 1970 Dei.
628 1897 766 1969 Similis
795 1923 836 1969 es
864 1898 963 1970 lratri
992 1896 1115 1993 aponi,
1147 1896 1209 1994 qui
1229 1897 1396 1971 laborem

275 2031 386 2101 apum
426 2030 500 2077 non
534 2003 730 2086 sustinens
764 2002 873 2077 mella
898 2004 977 2076 vult
1010 2004 1209 2076 comedere
1242 2004 1394 2101 primus.

275 2112 562 2208 Deprehensam
578 2109 735 2183 carnalis
747 2112 861 2182 homo
875 2136 981 2184 suam
998 2109 1200 2208 ingluviem
1224 2136 1394 2196 noscenS,

275 2220 454 2291 mundum
477 2244 589 2315 quem
610 2217 773 2289 nondum
797 2217 1047 2313 dereliquerat
1066 2216 1211 2314 repetit.
1270 2217 1397 2290 Exivit
1429 2245 1467 2311 15
1564 2233 1565 2292 3

275 2351 437 2422 namque
467 2324 698 2422 religionem,
731 2340 768 2396 et
798 2322 858 2420 qui
891 2322 1010 2397 nullus
1038 2325 1086 2396 ad
1114 2323 1395 2418 eleemosynam
1564 2309 1565 2336 ¹

276 2434 394 2505 luerat
434 2431 553 2504 nullus
581 2432 655 2504 iam
693 2432 824 2514 fratem
869 2430 931 2528 qui
969 2429 1094 2528 plures
1135 2431 1182 2503 ad
1226 2456 1394 2504 mensam

209 2632 210 2635 Ἴ
274 2538 454 2636 plurimus
483 2541 644 2612 daemon
673 2538 841 2610 efficitur.

295 2908 496 3005 [Quomodo
510 2909 661 3004 fratris
688 2908 945 3001 eleemosynam
965 2917 1158 3002 portantis
1185 2932 1376 2979 occurrens

477 3025 660 3095 osculatus
688 3033 741 3094 est
767 3023 994 3120 humerum}
1053 3022 1189 3095 XLVI.
1422 3063 1467 3110 20

356 3216 413 3301 76.
445 3210 532 3283 Alio
561 3227 730 3305 tempore
750 3211 850 3306 apud
871 3210 1146 3283 Portiunculam
1174 3237 1259 3283 cum
1281 3212 1394 3283 lrater

271 3319 422 3415 quidam
452 3317 591 3390 rediret
610 3316 657 3388 de
681 3315 828 3389 Assisio
848 3342 932 3387 cum
962 3316 1212 3411 eleemosyna,
1244 3319 1393 3414 propin-

271 3450 366 3521 quus
405 3425 477 3496 iam
515 3422 598 3496 loco
634 3423 759 3519 coepit
801 3423 837 3494 in
880 3441 1030 3496 cantum
1065 3448 1321 3520 prorumpere,
1354 3439 1392 3496 et

270 3533 475 3604 Dominum
505 3528 578 3603 alta
607 3555 700 3602 voce
729 3529 891 3602 laudare.
951 3531 1038 3624 Quo
1067 3531 1205 3613 audito,
1236 3548 1391 3627 repente

270 3638 393 3712 exsilit
433 3653 593 3721 sanctuS,
632 3637 791 3709 accurrit
828 3638 936 3720 foras,
985 3654 1022 3710 et
1065 3638 1233 3711 osculato
1270 3636 1391 3711 lratris
1419 3674 1459 3739 ²5

270 3746 427 3819 humero
460 3743 648 3816 sacculum
684 3769 753 3816 suo
782 3744 957 3841 imponit:
989 3744 1225 3828 Benedictus,
1258 3744 1386 3841 inquit,

269 3853 317 3925 sit
347 3854 458 3925 lrater
487 3877 593 3923 meus
620 3850 683 3947 qui
712 3868 909 3948 promptus
929 3851 1039 3936 vadit,
1062 3850 1210 3924 humilis
1230 3850 1385 3948 quaerit,

270 3959 442 4057 gaudens
470 3958 676 4030 revertitur.

344 4184 365 4237 3.
385 4180 454 4220 stare
476 4167 582 4219 deberet
605 4166 682 4237 quin]
707 4168 727 4220 R
751 4165 880 4233 (ruboris)
903 4165 992 4218 subire
1014 4166 1122 4219 deberet
1143 4164 1251 4237 quondo
1324 4179 1349 4229 4.
1370 4163 1390 4215 R

268 4265 318 4300 om.
338 4248 375 4299 ait
451 4262 488 4299 η.
509 4247 604 4315 aponi]
625 4246 645 4298 R
666 4263 748 4316 apum
834 4260 873 4311 15.
895 4246 924 4298 ,ll
943 4245 1087 4316 reliquerat
1173 4246 1212 4299 18.
1232 4245 1253 4298 R
1274 4243 1393 4315 pluribus

269 4341 367 4394 ²²·23·
387 4328 417 4379 lt
436 4328 618 4396 propinquans

697 4467 963 4475 ——.—-.-.-.-——-
