3142 4875
588 384 690 432 usuri
721 383 904 432 vnnucrscr
1230 383 1304 450 349

190 494 447 501 -.-.---

187 615 278 688 culis
305 616 478 688 coadiuta
505 616 558 688 sic
588 641 670 688 esse
709 630 748 687 ut
783 615 928 700 dieitur,
959 632 997 687 et
1032 641 1115 687 cum
1157 632 1306 689 caetera

186 722 387 795 deficerent
408 722 605 804 inductiva,
629 722 794 795 creditae
822 747 844 794 a
871 737 1001 794 sancta
1020 722 1189 795 Ecclesia
1215 723 1305 794 inni-

184 830 274 901 titur
301 828 457 903 veritati.
517 828 724 902 Coniurant
757 855 804 901 ex
839 828 1012 925 opposito
1042 831 1195 902 umbrae
1224 855 1305 902 sen-

184 937 308 1009 suales
341 937 522 1008 adversus
556 936 784 1018 miraculum,
816 936 917 1032 quod
955 951 994 1007 et
1030 936 1096 1007 toti
1134 937 1305 1009 videatur

136 1071 154 1136 5
185 1058 338 1115 naturae
368 1044 603 1124 contrarium,
634 1059 672 1114 et
699 1043 873 1115 omnibus
897 1041 1055 1115 saeculis
1084 1042 1301 1116 inauditum.

184 1149 360 1243 Quodam
390 1175 474 1222 sero
503 1150 679 1247 fatigatus
708 1150 777 1222 hac
807 1149 916 1232 lucta,
948 1148 1157 1221 cubiculum
1178 1150 1299 1233 intrat,

182 1256 343 1329 debilem
374 1281 500 1328 secum
529 1257 721 1352 perferens
759 1257 952 1338 rationem,
984 1255 1144 1354 rigidam
1183 1257 1304 1355 magis

182 1363 408 1458 proterviam
437 1364 667 1460 phantasiae.
725 1363 912 1460 Apparuit
931 1363 1127 1435 dormienti
1153 1382 1304 1436 sanctus

182 1469 404 1542 Franciscus
433 1469 591 1566 pedibus
620 1468 820 1549 lutulentis,
844 1469 1029 1542 humiliter
1048 1471 1162 1542 durus
1183 1487 1220 1543 et
1239 1496 1300 1567 pa-

115 1603 154 1651 10
182 1576 318 1648 tienter
338 1577 464 1653 iratus.
527 1577 575 1649 Et
594 1603 692 1673 quae
711 1595 807 1658 sunt,
831 1577 891 1658 ait,
915 1575 984 1649 ista
1004 1576 1039 1648 in
1061 1596 1097 1648 te
1117 1577 1303 1650 conflicta-

182 1683 325 1755 tionum
341 1683 567 1756 certamina?
604 1687 713 1777 Quae
729 1684 1001 1757 dubitationum
1019 1683 1171 1756 sordes?
1205 1683 1303 1757 Vide

182 1815 315 1862 manus
344 1816 447 1862 meas
475 1808 513 1863 et
542 1792 657 1886 pedes
687 1815 802 1862 meos.
862 1791 1033 1885 Cumque
1070 1789 1129 1862 ille
1169 1816 1300 1863 manus

181 1896 326 1969 videret
354 1898 531 1982 confixas,
558 1896 822 1970 lutulentorum
853 1897 990 1993 pedum
1021 1897 1197 1993 stigmata
1228 1923 1301 1970 non

181 2002 344 2081 videbat.
402 2005 581 2088 Remove,
612 2003 740 2100 inquit,
764 2002 881 2076 lutum
910 2029 932 2075 a
960 2001 1119 2099 pedibus
1140 2003 1242 2086 meis
1264 2021 1303 2077 et

112 2140 151 2206 15
183 2135 371 2207 cognosce
395 2112 477 2183 loca
506 2112 706 2184 clavorum.
764 2111 1067 2206 Apprehendens
1097 2109 1155 2181 ille
1183 2110 1302 2184 sancti

182 2219 309 2314 pedes,
332 2217 448 2289 lutum
469 2217 538 2290 sibi
567 2217 713 2289 videtur
732 2218 962 2315 abstergere,
999 2216 1155 2312 locaque
1176 2219 1300 2290 clavo-

182 2350 262 2396 rum
293 2325 464 2397 manibus
492 2341 734 2397 contrectare.
795 2323 983 2396 Continuo
1005 2340 1043 2395 ut
1062 2323 1215 2420 evigilat
1235 2325 1301 2396 fra·

182 2448 248 2514 ter,
280 2431 440 2504 lacrimis
478 2431 660 2530 irrigatur,
693 2448 730 2504 et
758 2432 902 2529 priores
937 2431 1091 2504 aflectus
1125 2431 1302 2527 quodam·

181 2539 295 2610 modo
324 2539 525 2611 lutulentos
552 2539 700 2637 publica
729 2540 963 2623 consessione
992 2538 1165 2634 detergit.

106 2671 150 2718 20
267 2670 323 2717 11.
355 2647 414 2719 Ne
444 2671 515 2719 non
547 2672 707 2744 magnae
723 2646 878 2717 alicuius
898 2645 1009 2717 luisse
1029 2645 1173 2716 virtutis
1193 2670 1299 2717 sacra

180 2752 241 2824 illa
269 2753 447 2849 stigmata
475 2753 704 2825 invictissimi
726 2752 864 2824 Christi
885 2751 1019 2834 militis,
1043 2768 1192 2846 praeter
1210 2750 1299 2824 illud

179 2858 351 2956 specialis
366 2861 651 2957 praerogativae
671 2858 904 2957 signaculum
922 2875 959 2931 et
978 2858 1142 2955 supremi
1162 2859 1299 2931 amoris

178 2965 414 3064 privilegium
434 2970 534 3062 quod
564 2984 664 3039 totus
685 2966 845 3038 mundus
864 2965 1037 3038 admirari
1059 2991 1131 3037 non
1152 2965 1297 3048 desinit,

178 3089 408 3170 reputentur,
441 3090 619 3170 quantum
657 3072 730 3144 sint
759 3071 819 3144 illa
847 3072 956 3170 signa
992 3098 1094 3144 arma
1132 3072 1299 3168 potentia

106 3208 145 3273 25
179 3180 275 3263 De0,
306 3206 374 3276 per
402 3206 515 3252 unum
545 3181 646 3275 quod
674 3180 809 3252 accidit
838 3179 873 3252 in
904 3179 1096 3275 Hispania,
1120 3179 1155 3251 in
1177 3205 1296 3276 regno

179 3286 366 3360 Castellae
394 3286 576 3368 videlicet,
608 3286 850 3359 evidentioris
879 3304 1003 3384 potest
1037 3286 1202 3358 novitate
1231 3286 1299 3357 mi-

179 3392 291 3466 raculi
330 3393 608 3489 comprehendi.
667 3394 754 3465 Duo
784 3393 967 3489 siquidem
1006 3393 1072 3464 viri
1110 3409 1217 3464 erant
1248 3394 1296 3464 ab

179 3499 336 3572 invicem
356 3500 418 3572 diu
448 3500 700 3573 inimicissima
721 3502 961 3573 contentione
983 3501 1183 3595 iurgantes
1208 3523 1297 3594 quo·

177 3632 258 3678 rum
290 3606 387 3679 nulla
415 3606 651 3680 amaritudini
681 3609 797 3703 quies
830 3607 927 3679 nulla
953 3607 1176 3678 lervidarum
1204 3604 1300 3677 iniu-

105 3741 146 3807 3o
177 3713 313 3785 riarum
342 3739 426 3786 esse
454 3730 601 3810 poterat
630 3715 859 3811 sempiterna
886 3713 1040 3796 sedatio
1065 3737 1133 3784 nec
1161 3710 1220 3783 vel
1248 3713 1297 3784 ad

176 3819 306 3893 horam
327 3821 496 3916 concepti
518 3821 656 3893 doloris
676 3822 883 3894 remedium
913 3819 1073 3915 quidem,
1098 3817 1165 3890 nisi
1185 3844 1297 3890 manu

175 3926 328 4000 alterius
355 3927 450 4000 alter
478 3942 598 4000 morte
626 3927 882 4000 crudelissima
920 3943 1134 3998 moreretur.
1194 3924 1296 3997 Lori·
1359 3990 1362 3995 ,

175 4050 281 4107 catus
298 4032 410 4130 igitur
430 4051 585 4131 uterque
605 4061 688 4106 cum
719 4034 885 4131 pluribus
904 4033 1063 4105 adverso
1084 4033 1299 4128 frequentes

174 4141 341 4238 ponebat
369 4141 531 4225 insidias,
553 4167 636 4215 cum
668 4168 741 4215 non
762 4158 891 4238 posset
910 4141 1031 4213 scelus
1051 4140 1086 4212 in
1107 4138 1295 4236 publicum

3 4340 14 4363 ι
104 4276 144 4343 35
174 4248 352 4321 exerceri.
409 4249 559 4321 Accidit
592 4275 678 4322 sero
707 4249 881 4345 quodam,
914 4248 986 4320 iam
1021 4245 1207 4345 profundo
1236 4272 1298 4319 ex·

246 4502 288 4553 25.
309 4485 358 4537 AB
378 4486 491 4540 Domini
565 4503 606 4557 30.
625 4486 680 4556 vel]
702 4487 749 4537 AB
769 4486 853 4539 ullum
