3142 4875
597 360 702 408 nanu
730 351 916 409 Funucrsct
1240 359 1313 429 209

196 591 336 689 palatio
364 592 464 689 apud
492 590 687 676 Assisium,
719 590 840 664 dictus
867 591 981 664 irater
1008 590 1187 689 cogitavit
1215 593 1316 689 apud

196 724 237 772 se
266 697 414 772 dicens:
445 699 504 769 En
533 698 641 771 morti
670 697 948 796 appropinquat
975 713 1091 795 pater,
1123 714 1161 772 et
1188 723 1315 796 quarn·

196 804 395 903 plurimum
424 805 678 879 consolaretur
706 806 830 878 anima
859 830 954 889 mea,
985 804 1014 878 si
1042 820 1315 902 postmortem

196 913 374 986 haberem
402 912 566 986 tunicam
586 912 702 1009 patris
729 913 813 986 mei.
873 911 992 1007 Quasi
1020 911 1143 985 cordis
1171 913 1316 987 deside·

149 1047 168 1113 5
196 1019 291 1092 rium
310 1019 386 1092 oris
404 1019 536 1117 petitio
554 1019 674 1104 suerit,
696 1034 782 1116 post
804 1021 968 1117 [parum]
990 1035 1100 1091 vocat
1121 1044 1207 1091 eurn
1230 1021 1316 1093 bea·

195 1141 256 1198 tus
274 1126 496 1199 Franciscus
516 1126 664 1199 dicens:
690 1125 777 1198 Tibi
799 1125 907 1199 trado
926 1125 1089 1198 tunicam
1109 1126 1235 1210 istanr;
1259 1153 1315 1200 ac-

196 1231 279 1329 cipe
306 1258 401 1316 eam,
433 1248 473 1305 ut
501 1249 564 1305 tua
593 1233 640 1305 de
668 1248 819 1306 caetero
847 1233 904 1305 sit.
968 1233 1093 1327 Quam
1122 1232 1208 1306 licet
1235 1233 1315 1329 ipse

196 1338 343 1438 lera[m]
367 1340 455 1412 dunr
474 1339 613 1423 victit0‚
636 1337 702 1412 tibi
721 1355 846 1413 tamen
876 1340 985 1413 cedat
1004 1340 1041 1412 in
1061 1356 1190 1413 morte.
1248 1339 1316 1413 Mi·

196 1461 298 1519 ratus
316 1447 364 1520 de
378 1463 483 1519 tanta
501 1446 617 1545 patris
636 1446 889 1544 profunditate
910 1448 1032 1531 irater,
1054 1446 1217 1520 tunicam
1237 1462 1316 1521 tan·

128 1581 168 1627 10
196 1553 281 1626 deur
298 1554 510 1626 consolatus
529 1554 684 1650 accepit,
707 1578 867 1650 eamque
887 1554 1126 1651 postmodum
1146 1553 1183 1626 in
1203 1554 1316 1627 Fran·

196 1660 291 1732 ciam
312 1660 463 1733 devotio
483 1677 612 1733 sancta
631 1662 849 1733 transvexit.

622 1862 888 1874 ..-.,--.-

200 2015 273 2113 [De
294 2014 485 2109 petrosilla
511 2016 565 2085 ad
588 2015 668 2085 eius
697 2016 842 2085 iussum
872 2015 972 2085 z'rrter
996 2013 1128 2085 herbas
1153 2022 1316 2109 agrestes

478 2132 521 2203 de
548 2141 643 2203 nocte
672 2131 847 2241 {noento}
906 2128 1027 2200 XXll.

278 2356 337 2426 51.
369 2335 409 2406 ln
439 2333 569 2406 ultirno
597 2358 686 2405 suae
714 2330 937 2405 infirmitatis
964 2347 1146 2428 tempore,
1170 2346 1315 2404 noctur·

128 2465 164 2529 15
196 2443 252 2515 nis
279 2442 444 2515 tenebris
471 2439 700 2539 petrosillum
730 2440 929 2513 comedere
957 2440 1098 2525 volens,
1129 2439 1315 2512 humiliter
1369 2509 1370 2513 ,

193 2549 310 2647 petiit.
367 2547 534 2621 Vocatus
553 2548 790 2645 coquinarius
804 2565 845 2620 ut
862 2548 1021 2631 afferret,
1041 2546 1129 2619 nihil
1150 2547 1186 2618 in
1206 2547 1315 2620 horto

194 2673 281 2729 tunc
302 2681 342 2729 se
358 2655 534 2753 colligere
558 2655 696 2754 [posse]
720 2654 923 2751 respondit,
940 2654 1084 2726 dicens:
1102 2654 1315 2727 Petrosillos

194 2761 360 2860 quotidie
392 2762 572 2859 decerpsi,
603 2778 824 2858 tantumque
851 2760 1026 2859 praecidi,
1058 2760 1158 2857 quod
1186 2760 1314 2857 legere

195 2870 397 2968 quidquam
414 2870 500 2942 inde
520 2870 632 2941 etiam
652 2868 734 2942 luce
750 2868 848 2942 clara
862 2868 925 2941 vix
939 2893 1102 2966 possum.
1161 2868 1314 2962 Quanto

125 2997 168 3044 20
197 2976 326 3074 magis,
348 2976 526 3073 oppansis
554 3002 652 3048 nunc
681 2976 855 3058 tenebris
882 2975 1094 3047 discernere
1122 3000 1189 3046 eos
1219 2975 1316 3048 inter

194 3084 329 3157 herbas
356 3082 448 3156 alias
481 3109 555 3156 non
583 3083 726 3156 valebo.
795 3083 864 3155 Cui
898 3099 1066 3155 sanctus:
1097 3081 1215 3167 Vade,
1247 3082 1315 3155 sra-

194 3208 259 3277 ter,
292 3217 360 3264 nec
388 3190 435 3263 sit
463 3216 589 3287 grave,
620 3206 659 3263 et
685 3190 824 3286 primas
850 3215 944 3286 quas
971 3215 1082 3262 manu
1111 3188 1314 3286 contigeris

194 3298 328 3371 herbas
361 3298 502 3372 afferto.
573 3298 642 3369 lvit
670 3298 783 3371 irater
812 3297 848 3367 in
878 3297 1037 3383 hortum,
1073 3312 1111 3367 et
1142 3312 1313 3393 agrestes

193 3405 327 3479 herbas
359 3431 456 3502 quae
485 3404 573 3477 nihil
602 3404 741 3477 videnti
771 3419 1011 3477 occurrerunt
1047 3403 1221 3487 evellens,
1250 3402 1314 3474 do-

126 3530 165 3595 25
195 3537 294 3584 rnurn
338 3512 479 3585 detulit.
550 3511 750 3609 Aspiciunt
786 3512 918 3584 fratres
947 3511 1082 3582 herbas
1110 3509 1310 3591 silvestres

194 3618 323 3715 eisque
342 3619 558 3716 diligentius
576 3619 762 3701 revolutis,
785 3616 1015 3715 petrosillum
1039 3616 1254 3689 frondosum
1274 3630 1313 3686 et

193 3741 363 3799 tenerum
393 3725 584 3799 inveniunt
612 3726 708 3798 inter
737 3726 846 3821 ipsas
906 3723 965 3796 De
995 3748 1069 3819 quo
1092 3748 1223 3819 parurn
1253 3747 1312 3794 co-

194 3832 349 3905 medens
378 3849 528 3905 sanctus
557 3832 712 3905 multum
741 3834 972 3905 confortatus
1000 3846 1066 3902 est.
1125 3828 1231 3900 Dixit
1249 3854 1314 3900 au-

193 3954 268 4011 tern
297 3939 470 4012 iratribus
489 3956 612 4036 pater:
643 3941 794 4012 Fratres
822 3939 905 4021 mei,
929 3936 1048 4034 primo
1068 3937 1184 4008 verbo
1204 3960 1313 4030 prae-

127 4063 166 4127 30
194 4063 342 4143 cepturn
373 4046 533 4144 implete,
557 4073 625 4120 nec
654 4046 881 4143 exspectetis
910 4043 1119 4117 iterandum
1139 4042 1241 4138 quod
1260 4041 1313 4113 di-

266 4274 288 4325 5.
308 4258 415 4329 parurn]
436 4261 459 4311 ,l
480 4259 569 4311 statim
609 4261 637 4312 ,ll
656 4276 748 4327 parurn
769 4259 857 4310 statim
955 4256 979 4309 8.
1000 4257 1023 4307 :l
1044 4252 1112 4307 serat
1211 4254 1269 4323 8-9.
1290 4252 1312 4306 R

193 4337 304 4391 Miratur
382 4338 419 4390 16.
440 4338 460 4391 R
480 4337 574 4390 afferat
650 4355 689 4405 17.
706 4340 729 4390 ,l
747 4358 795 4392 orn.
811 4355 891 4408 posse
966 4351 1007 4387 22.
1025 4337 1053 4389 ,u
1068 4353 1102 4387 ne
1119 4334 1152 4385 sit
1168 4332 1213 4384 tibi
1230 4350 1311 4402 grave

194 4414 271 4470 26.R
292 4418 432 4488 diligenter
505 4433 545 4487 29.
566 4417 632 4485 mei]
654 4418 685 4471 lt
701 4420 831 4471 carissimi

272 4627 307 4679 14
