3142 4875
258 301 333 390 318
636 325 806 374 euoenon
836 327 1004 375 stennon

253 561 397 633 dierum
426 561 668 634 devotissime
696 561 896 635 ieiunabat.
954 562 1116 635 Dicebat
1143 563 1260 635 enim:
1284 563 1376 656 Qui-

252 669 341 739 libet
370 693 438 765 pro
466 668 558 741 tanti
595 667 738 740 honore
767 668 944 765 principis
975 668 1115 766 aliquid
1152 670 1282 753 laudis,
1314 670 1375 742 vel

254 776 416 848 muneris
444 773 616 872 specialis
644 774 730 847 Deo
758 775 915 848 deberet
942 776 1086 850 offerre.

254 1033 328 1146 [De
346 1042 530 1113 devotione
544 1042 623 1112 eius
637 1042 690 1112 ad
701 1043 907 1113 Dominam
922 1054 1098 1125 nostram,
1115 1043 1375 1114 cuz'commz‘sit
1449 1123 1455 1134 ,

518 1148 728 1242 specialiter
757 1141 966 1255 Ordinem}
1025 1150 1101 1221 CL.
1403 1178 1424 1244 5

337 1334 420 1422 198.
438 1332 599 1405 Matrem
611 1332 692 1405 lesu
709 1331 884 1405 indicibili
902 1332 1369 1430 complectebaturarnore,

251 1464 297 1510 eo
317 1440 417 1534 quod
438 1439 642 1512 Dominum
664 1440 867 1512 maiestatis
891 1441 1041 1512 fratrem
1063 1441 1170 1513 nobis
1193 1441 1368 1515 effecerit.

251 1545 460 1618 Peculiares
489 1544 537 1617 illi
573 1546 812 1643 persolvebat
847 1547 989 1641 laudeS,
1020 1547 1199 1620 fundebat
1226 1574 1367 1644 preces¹

250 1651 429 1724 offerebat
458 1652 622 1736 affectus,
654 1670 745 1749 quot
773 1670 812 1725 et
836 1654 995 1750 qualiter
1014 1654 1177 1726 humana
1197 1681 1370 1752 promere

250 1758 378 1855 lingua
412 1784 485 1831 non
514 1776 653 1856 posset.
712 1760 788 1832 Sed
822 1755 923 1857 quod
952 1759 1127 1833 laetificat
1156 1760 1367 1857 plurimum,
1406 1792 1449 1840 10

250 1865 403 1937 Ordinis
422 1867 642 1939 advocatam
660 1866 778 1963 ipsam
795 1867 995 1950 constituit,
1018 1868 1169 1964 suisque
1189 1868 1256 1939 alis
1275 1894 1371 1964 quos

249 1971 442 2044 relicturus
470 1990 551 2045 erat
579 1973 673 2045 filios
702 1999 819 2069 usque
840 1975 876 2046 in
897 1973 1009 2046 finem
1031 1975 1212 2048 fovendos
1231 1991 1268 2047 et
1288 2002 1371 2071 pro·

249 2079 434 2176 tegendos
462 2079 642 2152 submisit.
702 2080 780 2160 Eia,
813 2106 1018 2177 pauperum
1040 2082 1233 2166 advocata,
1257 2080 1369 2179 imple

249 2186 283 2256 in
302 2186 408 2257 nobis
424 2186 566 2258 tutricis
582 2186 744 2258 officium
767 2213 885 2283 usque
904 2189 951 2260 ad
967 2187 1204 2284 praefinitum
1220 2206 1370 2287 tempus

248 2318 270 2363 a
299 2311 414 2388 patre.
1390 2320 1445 2393 215

672 2399 937 2408 -—---.—.

276 2525 350 2637 [De
377 2534 560 2605 devotione
578 2536 631 2605 ad
654 2536 908 2607 stationalem
929 2537 1093 2608 Domini
1108 2546 1142 2608 et
1168 2540 1341 2633 quomodo

380 2639 518 2711 volebat
545 2651 632 2712 tunc
659 2642 829 2713 ominibus
856 2635 1078 2749 subveniri}
1138 2644 1232 2716 CLI.

333 2850 414 2916 199.
446 2825 688 2899 Nativitatem
719 2829 823 2922 pueri
852 2830 935 2901 lesu
965 2855 1054 2926 prae
1088 2828 1168 2901 aliis
1196 2831 1369 2903 solemni·

247 2931 383 3006 tatibus
412 2930 585 3005 ineflabili
615 2932 806 3006 alacritate
835 2936 991 3019 colebat,
1025 2937 1159 3009 festum
1188 2938 1368 3011 festorum
1415 2928 1419 2937 ’

246 3065 429 3124 asserens,
460 3065 534 3135 quo
563 3040 669 3112 Deus
697 3040 816 3114 inians
845 3043 1021 3138 parvulus
1040 3044 1158 3115 sactus
1184 3046 1231 3117 ad
1253 3047 1369 3119 ubera
1398 3085 1444 3133 20

247 3146 426 3243 pependit
454 3146 626 3219 humana.
686 3148 909 3221 infantilium
938 3149 1084 3222 illorum
1115 3153 1367 3224 membrorum

248 3255 431 3350 imagines
460 3252 629 3325 famelica
658 3254 887 3349 cogitatione
916 3255 1115 3340 lambebat,
1148 3274 1185 3330 et
1205 3259 1368 3355 eliquata

247 3361 351 3456 pueri
382 3359 591 3456 compassio
620 3360 655 3432 in
687 3388 876 3435 corsuum
898 3362 1009 3436 etiam
1026 3365 1141 3436 verba
1160 3364 1367 3437 dulcedinis

247 3468 405 3539 iaciebat
435 3493 538 3539 more
582 3467 774 3539 infantium
805 3468 999 3541 balbutire.
1072 3462 1254 3575 [Eratque
1296 3471 1366 3544 sibi
1431 3564 1436 3573 ι

247 3576 317 3646 boc
347 3599 484 3646 nomen
512 3574 617 3669 quasi
647 3578 718 3646 mel
749 3592 786 3648 et
823 3577 928 3649 favus
966 3577 1002 3649 in
1032 3569 1125 3683 ore].
1194 3581 1289 3650 Cum
1318 3580 1365 3651 de
1396 3623 1439 3689 25
1553 3653 1557 3658 ,

247 3707 321 3751 non
350 3680 592 3753 comedendis
621 3682 794 3753 carnibus
831 3682 978 3756 collatio
1017 3684 1132 3768 lieret,
1170 3686 1257 3781 quia
1286 3686 1367 3759 dies

245 3788 392 3860 veneris
421 3802 510 3867 erat,
536 3789 726 3883 respondit
748 3789 847 3861 sratri
874 3790 1019 3863 Morico
1041 3791 1189 3863 dicens:
1213 3794 1363 3892 Peccas‚

245 3898 366 3978 frater,
388 3895 486 3966 diem
507 3894 655 3966 veneris
674 3921 814 3968 vocans
833 3922 908 3993 quo
929 3899 1024 3969 Puer
1045 3914 1225 3971 natusest
1246 3900 1365 3977 nobis

244 4000 350 4083 Volo,
384 4001 511 4097 inquit,
544 4003 644 4097 quod
674 4003 786 4074 etiam
816 4003 977 4100 parietes
998 4005 1060 4077 tali
1084 4005 1144 4076 die
1166 4006 1366 4079 comedant

244 4134 384 4191 carnes,
417 4124 464 4191 et,
496 4108 526 4179 si
556 4133 630 4180 non
659 4126 826 4205 possunt,
858 4112 916 4183 vel
945 4111 993 4184 de
1022 4110 1111 4183 loris
1137 4111 1322 4185 liniantur.
1396 4156 1437 4222 30

316 4305 339 4355 3.
360 4291 380 4342 ll
399 4288 550 4359 specialiter
643 4304 681 4342 10.
704 4292 722 4343 lt
744 4289 828 4358 possit
921 4308 960 4361 19.
983 4290 1125 4359 festorum]
1154 4291 1186 4342 ll
1207 4306 1363 4345 sanctorum
1449 4338 1453 4347 .

245 4383 339 4435 22-25.
361 4372 383 4421 Α
404 4386 452 4420 om.
473 4368 589 4439 Eratque
603 4387 675 4421 -ore
749 4386 844 4439 25-30.
868 4372 894 4423 ll
914 4388 962 4423 om.
982 4370 1246 4431 Cum-liniantur,
