3142 4875
588 360 680 409 BEAT
682 360 694 408 Ι
722 361 908 411 FRANCISCI
1233 362 1302 411 221

188 593 286 667 riunt
313 593 350 666 in
387 594 448 666 via
483 593 688 677 denarium,
724 619 896 692 gressum
934 595 1065 694 figunt,
1095 595 1310 692 disceptant

187 700 278 797 quid
305 701 354 774 de
373 716 537 773 stercore
564 700 612 773 sit
630 702 832 799 agendum.
889 700 1030 774 Tentat
1049 728 1145 775 unus
1174 727 1306 776 eorum

187 808 314 880 ridens
360 806 625 881 conscientiam
671 808 792 881 fratris
834 808 1028 882 denarium
1075 807 1218 893 tollere,
1260 809 1310 882 le-

188 914 308 1011 prosis
336 914 517 1012 pecuniae
545 912 691 987 famulis
719 916 961 988 offerendum.
1020 915 1198 988 Prohibet
1222 941 1309 988 eum

140 1048 157 1112 5
189 1021 312 1094 socius
341 1039 380 1094 ut
407 1020 500 1094 falsa
526 1021 666 1119 pietate
694 1023 904 1119 deceptum,
928 1023 1117 1096 inculcans
1146 1039 1310 1096 temera-

188 1127 279 1226 ri[o]
308 1129 463 1201 verbum
492 1130 657 1226 regulae,
688 1154 763 1226 quo
791 1128 881 1203 satis
909 1128 1032 1202 elucet
1059 1130 1160 1203 velut
1184 1129 1310 1227 pulve-

189 1260 267 1307 rem
296 1234 486 1308 inventum
507 1235 700 1309 denarium
720 1235 928 1310 conculcari
948 1236 1098 1309 debere.
1157 1237 1310 1310 Indurat

189 1339 249 1414 ille
264 1358 427 1415 mentem
442 1342 491 1414 ad
506 1341 655 1426 monita,
667 1368 751 1417 nam
762 1367 910 1439 semper
926 1369 974 1415 ex
989 1369 1092 1416 more
1103 1344 1220 1416 durae
1234 1369 1310 1416 cer·

188 1446 280 1520 vicis
298 1448 375 1521 fuit.
423 1447 574 1546 Spernit
588 1448 767 1547 regulam,
784 1448 980 1523 inclinatur
997 1466 1035 1523 et
1055 1449 1189 1548 accipit
1209 1475 1311 1522 num·

122 1580 160 1625 ιο
190 1580 311 1637 mum;
345 1555 413 1628 sed
445 1555 610 1629 divinum
640 1582 713 1629 non
748 1556 872 1631 evadit
899 1556 1127 1655 iudici[um].
1184 1556 1311 1630 Perdit

189 1660 379 1759 extemplo
398 1663 595 1759 loquelam,
618 1664 763 1736 frendet
782 1664 967 1747 dentibus,
989 1663 1089 1760 loqui
1111 1689 1184 1737 non
1205 1689 1310 1760 prae·

188 1766 299 1841 valet.
381 1768 444 1842 Sic
470 1794 594 1866 poena
621 1768 745 1866 prodit
777 1769 959 1853 insanum,
995 1769 1047 1842 sic
1077 1769 1167 1842 ultio
1195 1771 1308 1843 docet

189 1875 305 1972 patris
324 1873 471 1974 legibus
489 1877 750 1974 obtemperare
770 1877 982 1973 superbum.
1040 1876 1213 1949 Tandem
1234 1878 1307 1950 foe·

190 1997 271 2053 tore
299 1983 476 2079 proiecto,
510 1983 651 2081 polluta
678 1982 776 2057 labia
809 1983 915 2080 aquis
951 1983 1204 2079 poenitentiae
1233 1982 1309 2057 lota

122 2113 159 2178 15
191 2088 383 2162 solvuntur
410 2089 445 2162 in
475 2089 633 2164 laudem.
691 2090 811 2162 Vetus
839 2089 1075 2187 proverbium
1106 2106 1182 2162 est:
1219 2089 1309 2163 Cor·

191 2194 271 2294 rige
300 2196 462 2281 stultum,
486 2213 523 2269 et
550 2196 619 2270 erit
646 2195 799 2270 amicus.
939 2191 942 2196 ⁴

617 2410 882 2419 ——-—--—-·-

229 2606 448 2706 [Increpalz'o
453 2609 603 2704 fratris
619 2609 691 2704 qui
698 2608 897 2703 pecum'am
916 2609 1029 2702 specie
1046 2606 1271 2679 necessitatis

456 2724 594 2797 volebat
610 2726 787 2818 seruarc}
846 2721 1046 2799 XXXVII.

271 2940 331 3027 67.
363 2934 506 3008 Videns
533 2935 734 3031 aliquando
762 2934 921 3007 vicarius
950 2934 1078 3017 sancti,
1102 2934 1215 3007 frater
1244 2933 1310 3005 Pe-

126 3072 166 3118 20
192 3058 268 3115 trus
297 3042 479 3126 Cathanii,
502 3042 620 3114 turbis
640 3043 793 3115 fratrum
814 3042 1015 3114 forensium
1036 3040 1211 3114 Sanctam
1230 3041 1311 3112 Ma-

192 3149 282 3222 riam
302 3152 349 3222 de
369 3149 607 3222 Portiuncula
626 3147 863 3245 frequentari,
881 3173 949 3221 nec
968 3148 1018 3221 ad
1037 3146 1309 3243 providendum

193 3256 228 3328 in
258 3256 477 3329 necessariis
509 3254 768 3351 eleemosynas
796 3255 997 3338 abundare,
1029 3254 1123 3327 dixit
1153 3253 1201 3326 ad
1228 3278 1311 3326 san·

192 3380 291 3435 ctum
312 3364 570 3436 Franciscum:
595 3362 779 3458 [Nescio]
802 3362 922 3445 frater,
946 3361 1035 3458 quid
1055 3360 1200 3451 faciam,
1220 3360 1309 3432 dum

192 3470 407 3543 catervatim
437 3469 600 3567 undique
630 3469 902 3543 confluentibus
939 3468 1112 3541 fratribus
1146 3493 1219 3540 non
1248 3468 1310 3539 ha·

124 3603 143 3649 2
147 3606 164 3670 5
191 3579 263 3650 beo
278 3603 353 3674 quo
368 3578 594 3650 sufficienter
612 3576 841 3674 provideam.
883 3577 1041 3658 Placeat,
1060 3592 1188 3657 orote,
1208 3573 1309 3670 quod

192 3683 405 3757 intrantium
442 3684 664 3757 novitiorum
701 3709 759 3756 res
796 3683 943 3779 aliquae
980 3697 1223 3761 reserventur,
1262 3680 1310 3751 ad

191 3816 285 3887 quas
319 3791 588 3887 expendendas
625 3807 834 3863 recurratur
874 3806 1042 3884 tempore
1085 3803 1307 3882 opportuno.

191 3897 400 3995 Respondit
428 3915 597 3970 sanctus:
627 3897 739 3969 Absit
768 3898 861 3969 haec
889 3897 1018 3991 pietas,
1056 3894 1169 3964 frater
1202 3892 1310 3965 caris-

191 4004 295 4090 sime,
317 4019 356 4076 ut
384 4030 452 4101 pro
481 4004 613 4101 quovis
632 4004 782 4076 bomine
812 4003 923 4098 impie
952 4017 1087 4097 agatur
1110 3999 1146 4071 in
1166 3995 1307 4096 regula.

126 4138 164 4203 30
192 4111 241 4183 Et
269 4110 345 4183 ille:
377 4111 478 4205 Quid
508 4112 620 4208 igitur
653 4109 805 4183 faciam?
856 4109 997 4192 Altare,
1035 4105 1163 4203 inquit,
1193 4102 1311 4201 spolia

266 4334 542 4404 5·6,Atemerarium
606 4352 636 4389 10
656 4338 788 4390 Aindicin
847 4336 1140 4405 15.l'etus]RVerum
1205 4333 1312 4405 mne-

193 4416 516 4487 scio]ANe;RCure
590 4418 825 4485 27.llrccurrant
898 4418 1124 4488 29.Rregulam
