3142 4875
283 356 352 427 174
654 365 822 412 innanti-i
854 367 1017 413 slictt'xlm

651 476 684 481 fi.-
717 476 748 481 ,γ
779 477 850 482 ι-
900 477 1134 485 ⁴⁶--,.-.-—--—-.
1160 477 1393 483 ...—-—---.-——.-

273 621 366 693 pore
394 599 556 692 quodam
578 599 737 672 Romam
758 600 1062 696 peregrinaturus
1086 599 1217 695 adiret,
1238 624 1394 695 pauper-

273 703 360 775 tatis
379 728 506 776 amore
523 705 745 778 vestimenta
765 706 925 779 delicata
944 693 1127 803 deposuit.
1148 722 1186 778 et
1201 707 1393 778 cuiusdam

274 810 448 907 pauperis
476 812 707 884 vestimentis
736 815 918 897 obtectus
951 814 986 885 in
1015 813 1188 910 paradiso
1217 831 1305 891 ante
1332 838 1394 884 ec-

275 918 425 988 clesiam
454 917 579 990 Sancti
601 920 709 1002 Petri,
740 920 803 1015 qui
833 920 936 992 locus
961 921 1064 992 ferax
1092 936 1150 992 est
1173 945 1389 1016 pauperum,

275 1024 371 1095 inter
399 1050 584 1121 pauperes
612 1026 794 1097 laetanter
822 1028 970 1109 resedit,
1002 1045 1040 1099 et
1069 1028 1169 1099 velut
1202 1052 1315 1099 unum
1345 1051 1393 1098 ex
1429 1055 1444 1118 5

275 1129 364 1225 ipsis
393 1157 433 1202 se
462 1150 649 1227 reputans
667 1132 774 1205 avide
795 1159 879 1205 cum
907 1135 962 1205 eis
991 1134 1200 1206 manducat.
1260 1132 1393 1205 Multo·

275 1236 343 1309 ties
358 1237 507 1310 lecisset
526 1238 728 1321 consimile,
748 1240 814 1311 nisi
832 1256 1004 1313 notorum
1026 1240 1154 1312 luisset
1167 1239 1393 1312 verecundia

274 1343 484 1440 impeditus.
542 1346 707 1429 Miratus,
731 1372 815 1418 cum
844 1347 892 1419 ad
921 1350 1036 1419 altare
1056 1347 1267 1444 principlis]
1291 1347 1394 1443 Apo·

275 1449 454 1522 stolorum
483 1453 689 1533 accederet,
722 1469 798 1525 tam
829 1454 995 1525 modicas
1019 1453 1226 1526 oblationes
1255 1453 1393 1526 ibidem

273 1558 321 1628 ab
336 1558 624 1631 adventantibus
641 1559 729 1641 lieri,
753 1558 863 1656 plena
881 1586 991 1633 manu
1007 1560 1203 1657 pecuniam
1226 1561 1338 1633 iactat
1355 1559 1393 1632 in
1430 1586 1471 1633 ro

275 1664 367 1746 loco,
408 1665 667 1738 honorandum
705 1668 752 1739 ab
787 1667 960 1739 omnibus
995 1665 1191 1763 specialius
1227 1666 1394 1739 indicans

275 1795 387 1865 quem
415 1772 521 1844 Deus
550 1798 661 1869 supra
691 1790 861 1846 caeteros
890 1774 1096 1846 honoravit.
1156 1772 1394 1870 Pauperculis

274 1876 385 1950 etiam
421 1880 677 1952 sacerdotibus
715 1878 966 1954 ecclesiastica
1001 1897 1217 1953 ornamenta
1256 1880 1395 1977 pluries

274 1983 486 2068 exhibebat,
510 2011 628 2082 usque
648 1988 696 2059 ad
717 1985 929 2059 inferiorem
959 1987 1118 2085 gradum
1140 1987 1313 2059 omnibus
1333 1988 1394 2060 de·

275 2091 391 2163 bitum
413 2092 593 2165 honorem
615 2094 848 2190 impendens.
907 2095 1003 2166 Nam
1024 2095 1269 2191 apostolicam
1298 2119 1394 2165 sum·
1430 2119 1467 2184 15

274 2214 405 2293 pturus
438 2199 676 2296 legationem,
713 2201 861 2296 fideque
896 2200 1078 2273 catholica
1107 2201 1254 2299 integer
1281 2217 1391 2285 totus

276 2329 367 2400 erga
388 2306 574 2378 ministros
596 2324 633 2379 et
653 2305 856 2379 ministeria
877 2309 950 2380 Dei
971 2308 1180 2381 reuerentia
1195 2310 1327 2404 plenus
1346 2308 1395 2380 ab

276 2410 378 2484 initio
407 2413 483 2484 fuit.

280 2733 473 2830 [Qualiter
497 2736 574 2806 sz'bz'
599 2737 728 2808 oranti
753 2736 923 2807 dandulus
954 2736 1147 2807 mulierem
1176 2735 1342 2817 ostendit,
1363 2744 1398 2806 et

354 2851 396 2922 de
415 2862 581 2945 responso
608 2853 708 2947 quod
731 2852 810 2923 sibi
837 2853 942 2923 Deus
969 2852 1080 2932 dedit,
1101 2862 1135 2922 et
1152 2853 1247 2947 quid
1259 2851 1398 2946 fetent
1427 2884 1470 2932 20

354 2967 396 3037 de
424 2967 603 3065 lqorotis]
663 2966 708 3037 V.

357 3195 390 3260 9.
423 3171 499 3243 lam
528 3171 580 3243 sic
609 3173 678 3244 sub
707 3172 886 3245 saeculari
916 3171 1043 3243 habitu
1072 3170 1289 3268 religiosum
1318 3170 1397 3244 ani-

277 3303 377 3348 mum
420 3279 526 3375 gerit,
572 3296 610 3350 et
650 3278 815 3351 solitaria
854 3281 935 3350 loca
977 3279 1024 3350 de
1067 3277 1223 3374 publicis
1264 3294 1397 3374 petens

275 3383 486 3456 visitatione
506 3385 665 3481 Spiritus
685 3385 802 3466 sancti
825 3402 996 3457 monetur
1016 3385 1244 3481 saepissime.
1302 3384 1397 3456 Abs·

277 3489 433 3563 trahitur
462 3517 622 3588 namque
642 3509 680 3564 et
699 3490 846 3563 illicitur
875 3490 934 3564 illa
963 3489 1155 3589 principali
1186 3491 1394 3574 dulcedine,
1429 3521 1466 3587 25

278 3623 373 3693 quae
386 3599 437 3671 sic
453 3623 476 3670 a
490 3599 671 3695 principio
686 3625 771 3671 eum
791 3598 954 3694 plenarie
970 3599 1178 3695 superfudit
1191 3602 1263 3692 [ut]
1278 3600 1346 3692 nu[
1367 3602 1398 3692 ]-

278 3730 388 3800 quam
425 3706 472 3777 ab
507 3731 553 3778 eo
587 3705 793 3788 recesserit,
826 3707 947 3778 donec
978 3706 1079 3783 vixit.
1137 3706 1237 3777 Dum
1272 3721 1397 3777 autem

277 3811 357 3883 loca
373 3813 585 3908 frequentat
604 3813 826 3885 abscondita
845 3812 948 3884 velut
967 3813 1197 3885 orationibus
1218 3836 1396 3908 congrua,

278 3916 442 4015 maligno
485 3937 698 3992 commento
740 3919 868 3991 nititur
896 3945 981 3991 eum
1016 3918 1185 3992 diabolus
1214 3945 1236 3991 a
1264 3919 1399 3991 talibus

277 4026 486 4098 exturbare.
544 4024 713 4102 Immittit
741 4026 843 4098 cordi
873 4027 953 4098 eius
987 4027 1161 4098 seminam
1197 4025 1398 4121 quamdam
1430 4057 1470 4122 30

276 4148 510 4205 monstruose
549 4135 756 4231 gibbosam,
785 4160 874 4206 suae
913 4132 1072 4205 incolam
1102 4132 1271 4215 civitatis,
1303 4156 1398 4227 quae

348 4343 570 4412 8Aprincipum
648 4345 860 4397 rulliudicaus
932 4342 1078 4394 rairssia
1153 4341 1400 4407 26-27.Aetnun-

278 4437 359 4488 quam
433 4423 643 4488 27.Rrecessit
