3142 4875
215 346 290 433 366
520 367 726 417 TRnCratt's
757 369 804 416 na
833 366 1026 416 srtnnccms

412 706 471 776 Do
499 707 657 776 mortuis
688 707 879 776 susct'totis
900 716 973 801 per
997 708 1132 779 merito

535 822 634 894 beati
660 823 869 898 Fronctici.
927 821 1009 894 Vll.

296 1060 357 1124 40.
388 1037 559 1108 Mortuos
580 1034 785 1134 aggredior
799 1036 1023 1108 confessoris
1039 1035 1175 1108 Christi
1193 1036 1334 1108 meritis

212 1144 420 1224 suscitatos,
453 1160 617 1215 attentos
646 1167 833 1236 quaerens
852 1143 1048 1214 audientes
1068 1141 1207 1239 pariter
1226 1160 1264 1215 et
1284 1141 1333 1216 le·

213 1270 357 1349 gentes.
417 1249 601 1323 Omittam
623 1249 657 1321 in
679 1274 808 1321 eorum
844 1248 1062 1322 recitatione
1090 1250 1333 1322 circumstan-
1365 1287 1382 1350 5

212 1358 282 1430 tias
304 1357 448 1438 multas,
470 1354 638 1428 aemulus
659 1356 861 1439 brevitatis,
884 1372 922 1428 et
949 1355 1247 1429 solemnitatibus
1270 1357 1333 1428 ad·

214 1462 425 1536 mirantium
445 1462 576 1544 tacitis,
601 1488 660 1534 res
685 1463 804 1534 solum
826 1461 1012 1535 mirabiles
1031 1463 1232 1535 adnotabo.
1291 1463 1333 1535 ln

212 1588 335 1643 castro
369 1567 509 1641 Montis
545 1570 690 1641 Marani
733 1594 851 1666 prope
894 1569 1161 1652 Beneventum,
1203 1570 1334 1642 mulier

213 1677 398 1772 quaedam
428 1674 543 1773 stirpe
565 1675 707 1756 nobilis,
727 1677 863 1748 virtute
884 1675 1051 1756 nobilior,
1069 1692 1199 1749 sancto
1219 1676 1333 1748 Fran·

212 1785 313 1856 cisco
343 1783 519 1878 peculiari
548 1782 753 1855 devotione
791 1782 1014 1866 inhaeserat,
1046 1800 1084 1856 et
1111 1783 1230 1881 digno
1258 1808 1333 1855 ser·
1369 1817 1408 1863 ro

211 1892 336 1963 viebat
384 1891 615 1963 reverentiae
664 1890 854 1961 famulatu.
913 1889 1130 1963 Infirmitate
1176 1908 1333 1987 gravata

213 2016 250 2070 et
278 1999 430 2069 tandem
460 1997 507 2069 ad
536 2014 748 2068 extremum
787 1998 979 2092 perducta,
1011 1996 1107 2070 viam
1136 1995 1332 2069 universae

211 2104 332 2177 carnis
361 2104 520 2176 intravit,
580 2103 729 2175 Mortua
758 2105 857 2176 circa
884 2103 972 2175 solis
1001 2129 1187 2189 occasum,
1208 2103 1334 2176 differ·

212 2230 271 2283 tur
300 2212 334 2282 in
374 2210 574 2282 crastinum
605 2210 805 2306 sepultura,
846 2226 887 2282 ut
926 2235 1096 2283 carorum
1133 2235 1333 2283 numerosa

211 2317 371 2390 societas
388 2315 616 2389 conveniret.
662 2316 901 2389 Conveniunt
912 2317 1033 2390 clerici
1050 2333 1159 2390 nocte
1169 2317 1331 2389 adexse-
1367 2352 1404 2415 15

211 2424 318 2521 quias
341 2443 378 2496 et
400 2422 547 2522 vigilias
571 2450 655 2496 curn
685 2424 870 2521 psalteriis
894 2424 1159 2507 decantandas
1178 2423 1332 2496 circuni-

211 2549 284 2603 stat
315 2533 506 2626 utriusque
534 2556 648 2602 sexus
676 2530 861 2605 orantium
901 2531 1107 2604 multitudo.
1166 2531 1214 2602 Et
1242 2556 1332 2603 ecce

211 2639 344 2719 subit0,
376 2637 520 2710 cunctis
548 2639 798 2721 cernentibus,
830 2638 941 2736 erigit
977 2665 1018 2711 se
1052 2637 1182 2710 mulier
1218 2663 1332 2734 super

211 2746 357 2824 lectum,
390 2759 428 2817 et
458 2770 570 2816 unum
600 2745 648 2816 de
676 2743 910 2818 adstantibus
938 2745 1173 2817 sacerdotem
1201 2761 1239 2817 ct
1264 2770 1330 2840 pa·

210 2851 347 2922 trinum
383 2876 490 2923 suurn
529 2867 648 2934 vocat,
681 2852 827 2924 dicens:
859 2852 956 2924 Volo
995 2850 1172 2933 confiteri,
1203 2867 1327 2947 pater:
1365 2886 1409 2931 20

210 2957 295 3030 audi
326 2973 521 3052 peccatum
552 2984 686 3030 meum.
746 2959 832 3056 Ego
866 2959 964 3031 enim
996 2977 1141 3030 mortua
1169 2983 1262 3037 sum,
1293 2975 1331 3030 et

211 3064 304 3136 duro
333 3089 434 3136 eram
464 3089 613 3137 carcere
644 3064 901 3162 mancipanda,
924 3066 1101 3161 quoniam
1121 3081 1328 3161 peccatum,

210 3172 311 3267 quod
341 3171 406 3242 tibi
436 3172 610 3267 pandam,
642 3174 802 3244 necdum
846 3172 926 3269 ipsa
966 3173 1138 3244 confessa
1175 3172 1327 3243 sueram.

210 3278 286 3351 Sed
315 3295 455 3359 orante,
479 3277 608 3374 inquit,
629 3303 698 3374 pro
727 3304 788 3352 me
807 3295 938 3352 sancto
958 3278 1168 3363 FranciscO,
1190 3277 1249 3349 cui
1270 3280 1331 3350 de-

213 3385 402 3457 votissima
431 3410 581 3480 semper
609 3385 670 3467 sui,
693 3386 814 3458 redire
843 3386 891 3458 ad
921 3411 1057 3482 corpus
1087 3410 1183 3457 nunc
1214 3384 1331 3456 indul·
1365 3419 1404 3484 25

210 3511 288 3564 tum
318 3510 374 3563 est
405 3490 503 3573 mihi,
536 3509 576 3563 ut
605 3489 666 3564 illo
695 3492 861 3565 revelato
890 3509 1046 3589 peccato
1074 3492 1222 3564 veniam
1253 3517 1332 3563 me·

210 3624 303 3672 rear.
363 3599 412 3670 Et
440 3624 528 3671 ecce
557 3596 663 3671 vobis
693 3599 915 3683 videntibus,
938 3616 1136 3695 postquam
1156 3597 1244 3670 illud
1264 3597 1330 3670 tibi

210 3709 402 3786 detexero,
424 3707 472 3778 ad
501 3704 723 3801 promissam
753 3706 921 3802 requiem
960 3706 1183 3802 properabo.
1241 3704 1331 3778 Tre-

212 3829 356 3888 menter
384 3837 477 3909 ergo
497 3812 681 3886 sacerdoti
699 3815 870 3885 trementi
893 3813 1072 3889 confessa.
1096 3811 1332 3885 absolutione

211 3939 371 4016 recepta,
396 3918 521 4015 quiete
541 3944 582 3991 se
602 3920 637 3991 in
659 3919 755 3991 lecto
776 3920 927 4016 collegit
953 3937 990 3992 et
1014 3920 1049 3990 in
1071 3919 1237 3991 Domino
1257 3919 1333 3991 feli·
1365 3955 1411 4019 30

210 4027 302 4099 citer
319 4027 554 4099 obdormivit.
614 4026 709 4121 Quis
729 4026 842 4123 igitur
861 4027 986 4123 dignis
1005 4025 1176 4099 laudibus
1192 4024 1332 4097 Christi

211 4133 387 4229 pietatem
425 4132 601 4205 extollat?
666 4133 761 4227 Quis
800 4132 1044 4206 consessionis
1080 4133 1255 4204 virtutem
1295 4151 1334 4205 ct

210 4239 326 4310 sancti
358 4238 487 4311 merita
516 4239 640 4336 dignis
669 4241 877 4337 praeconiis
905 4239 1027 4312 valeat
1055 4239 1296 4335 praedicare?

284 4466 322 4516 16.
343 4466 396 4517 AB
414 4466 588 4520 decantandis
