3142 4875
625 355 729 404 autri
758 354 942 403 runuctsci
1270 350 1340 421 117

224 463 756 471 ..-.———--—.—————-—-
1058 464 1322 471 --...—--—..-—..
1329 465 1343 470 --

224 667 452 739 Lomentum
473 670 653 764 fratrum
693 678 728 738 et
759 669 950 765 gaudium
986 693 1068 739 cum
1104 693 1188 739 eum
1224 693 1341 740 cerne-

306 794 392 854 rent
417 784 720 880 sagnuserenlem
739 784 868 867 cruces,
891 793 925 855 et
955 784 998 856 de
1024 783 1100 855 ulis
1129 784 1341 879 Seraphim.

306 897 371 970 lX.

314 1109 397 1157 112.
428 1086 566 1158 Factus
593 1102 651 1158 est
669 1101 870 1183 propterea
898 1112 1101 1159 concursus
1119 1086 1343 1184 populorum

179 1224 195 1286 5
227 1191 429 1266 multorum
462 1191 691 1266 laudantium
727 1193 852 1266 Deum
876 1219 920 1266 ac
948 1194 1168 1266 dicentium:
1201 1195 1343 1267 Lauda-

226 1316 287 1372 tus
316 1315 354 1373 et
381 1298 611 1384 benedictus,
634 1316 673 1373 tu
692 1299 845 1372 domine
864 1300 970 1373 Deus
990 1318 1127 1398 noster,
1149 1302 1212 1398 qui
1238 1302 1344 1375 nobis

228 1406 392 1505 indignis
434 1423 510 1479 tam
552 1407 757 1504 pretiosum
794 1407 1005 1504 depositum
1048 1407 1341 1481 commendasti:

227 1513 308 1586 laus
336 1530 375 1585 et
402 1513 523 1611 gloria
551 1512 598 1586 sit
620 1512 696 1598 tibi,
719 1511 885 1587 Trinitas
904 1513 1108 1589 ineffabilis,
1166 1514 1345 1588 Caterva·

227 1620 293 1692 tim
322 1636 402 1693 tota
431 1619 561 1693 civitas
578 1620 714 1693 Assisii
734 1621 815 1704 ruit,
839 1637 877 1693 et
895 1622 1016 1694 omnis
1035 1622 1219 1694 accelerat
1238 1621 1344 1720 regio
1447 1630 1451 1639 '

155 1753 197 1798 ιο
226 1725 355 1799 videre
384 1725 571 1824 magnalia
599 1727 682 1810 Dei,
715 1753 812 1823 quae
842 1727 877 1799 in
898 1753 1007 1800 servo
1026 1744 1156 1801 sancto
1174 1753 1243 1800 suo
1263 1731 1344 1826 glo-

227 1834 325 1906 riose
345 1834 562 1906 ostenderat
590 1824 776 1907 Dominus
805 1835 1019 1908 maiestatis.
1078 1835 1344 1931 Unusquisque

227 1956 353 2013 autem
383 1941 556 2013 cantabat
576 1941 761 2014 canticum
780 1941 953 2024 laetitiae,
976 1957 1086 2038 prout
1105 1943 1228 2015 cordis
1256 1967 1345 2040 gau·

227 2047 331 2119 dium
351 2048 591 2145 suggerebat,
622 2065 661 2120 et
688 2048 736 2120 de
764 2048 968 2144 adimpleto
988 2049 1174 2121 desiderio
1194 2049 1346 2121 benedi-

224 2154 364 2226 cebant
392 2154 553 2227 universi
582 2153 891 2251 omnipotentiam
919 2154 1132 2228 Salvatoris
1190 2155 1346 2229 Verum-

156 2287 196 2350 15
227 2277 353 2333 tamen
383 2259 444 2333 filii
464 2261 763 2334 lamentabantur
782 2278 887 2334 tanto
906 2278 1012 2358 patre
1031 2262 1162 2347 orbati,
1186 2279 1225 2335 et
1243 2260 1344 2359 pium

228 2367 351 2441 cordis
366 2367 538 2442 affectum
553 2366 714 2444 lacrimis
729 2385 767 2442 et
781 2368 949 2466 suspiriis
963 2370 1224 2443 ostendebant.
1269 2368 1345 2443 Sed

227 2476 461 2572 temperabat
481 2475 704 2549 moestitiam
734 2477 912 2575 gaudium
943 2476 1159 2560 inauditum,
1182 2494 1221 2550 et
1240 2477 1346 2549 mira-

229 2580 299 2654 culi
330 2581 473 2656 novitas
492 2608 622 2656 eorum
651 2601 797 2656 mentes
815 2583 852 2656 in
877 2600 1068 2681 stuporem
1088 2583 1241 2657 nimium
1261 2610 1346 2657 con-

227 2690 408 2762 vertebat.
465 2688 607 2763 Versus
635 2707 693 2763 est
719 2691 842 2764 luctus
860 2689 897 2762 in
917 2692 1113 2771 canticum.
1131 2708 1170 2764 et
1188 2690 1347 2789 ploratio

154 2822 200 2868 20
228 2796 265 2868 in
281 2794 546 2869 iubilationem.
593 2798 732 2892 [Homo
745 2797 980 2896 crucifixus}
1029 2798 1231 2894 Nunquam
1247 2798 1345 2871 enim

228 2903 434 2986 audierant,
453 2928 521 2975 nec
536 2904 708 3002 legerant
727 2904 762 2976 in
782 2903 973 3001 scripturis
993 2905 1095 3000 quod
1112 2905 1229 2978 oculis
1244 2930 1345 2978 mon·

229 3010 425 3093 strabatur,
446 3011 546 3106 quod
567 3026 605 3083 et
624 3011 840 3106 persuaderi
859 3010 922 3082 vix
940 3012 1124 3107 potuisset
1142 3011 1206 3109 eis,
1225 3012 1362 3085 sinon

229 3132 305 3189 tam
328 3115 491 3190 evidenti
518 3116 732 3190 testimonio
760 3118 992 3214 probaretur.
1049 3117 1271 3192 Resultabat
1292 3144 1345 3192 re·

228 3247 317 3296 vera
337 3223 373 3295 in
398 3248 444 3296 eo
472 3224 590 3297 lorma
616 3223 735 3297 crucis
763 3241 801 3298 et
829 3224 1012 3320 passionis
1039 3224 1143 3324 Agni
1172 3225 1347 3299 immacu-

156 3351 200 3414 25
228 3328 302 3408 lati,
329 3330 391 3427 qui
420 3330 509 3403 lavit
537 3330 691 3404 crimina
719 3331 858 3416 mundi,
890 3332 977 3404 dum
1007 3332 1112 3429 quasi
1134 3350 1345 3406 recentere

230 3462 338 3509 cruce
380 3436 572 3534 depositus
612 3437 813 3523 videretur,
844 3464 976 3511 manus
1012 3456 1050 3512 et
1082 3440 1200 3536 pedes
1233 3440 1347 3512 clavis

230 3543 398 3616 confixos
424 3543 579 3629 habens,
600 3560 639 3617 et
657 3544 830 3618 dextrum
859 3546 955 3618 latus
983 3548 1088 3642 quasi
1115 3546 1245 3619 lancea
1267 3545 1347 3618 vul-

231 3667 409 3723 neratum.
467 3651 711 3724 intuebantur
743 3678 904 3748 namque
935 3678 1082 3725 carnem
1113 3652 1217 3736 illius,
1249 3678 1346 3749 quae

303 3868 324 3904 ι.
345 3854 379 3907 Os
394 3871 443 3907 um.
463 3865 489 3906 et
507 3854 636 3924 gaudium
728 3868 751 3905 2.
774 3855 809 3906 Os
824 3855 1011 3921 signum-de
1033 3854 1090 3907 aliis
1179 3871 1202 3919 4.
1228 3856 1249 3908 Ε
1270 3871 1345 3924 prae-

229 3945 298 3986 terea
390 3950 415 4003 7.
434 3932 463 3986 H
481 3951 529 3986 om.
548 3935 701 4003 depositum
812 3950 836 4002 q.
858 3935 893 3987 Os
912 3953 961 3987 orit.
981 3947 1037 3987 tota
1093 3936 1181 4002 regio]
1204 3934 1347 4004 irreligio

234 4027 271 4065 10.
292 4013 327 4067 Os
345 4030 393 4066 om.
413 4025 507 4066 sancto
590 4013 867 4082 10-11.Eglorioso
952 4030 990 4067 11.
1012 4017 1041 4067 lt
1060 4015 1183 4084 Quisque
1266 4014 1345 4084 mr

230 4106 314 4146 annet
351 4093 399 4146 As
415 4092 528 4162 impleto
613 4093 838 4157 14.Runiverse
883 4094 1346 4165 ASOmnlpotentemetom,Sal·

231 4174 327 4225 vetoris
406 4173 550 4243 15.pium]
572 4173 668 4241 Ppuri
742 4170 882 4227 ao.Bomss
900 4174 991 4227 Homo
1007 4173 1148 4226 crucifixus
1221 4190 1263 4227 21.
1283 4177 1344 4243 necl

231 4251 275 4304 As
295 4265 353 4312 aut,·
379 4252 412 4316 E,
438 4254 484 4314 Os,
512 4253 552 4307 Ox
571 4252 614 4306 vel
676 4254 811 4306 Eoculus
903 4254 1051 4307 22.P0m.
1072 4266 1098 4306 et
1190 4255 1346 4320 24.Pom.

232 4331 258 4384 in
277 4348 310 4385 eo
329 4332 413 4385 lorino
486 4331 527 4387 26.
551 4333 596 4387 AS
619 4333 758 4387 videbatur
811 4336 845 4387 Os
870 4352 919 4386 om.
945 4352 1040 4386 manus
1115 4349 1154 4401 27.
1183 4337 1202 4389 R
1228 4334 1345 4387 confixas

233 4412 325 4479 27·28.
344 4412 403 4478 AS,
418 4414 441 4467 E
458 4411 620 4483 perforatum
694 4415 735 4468 28.
755 4414 800 4467 AS
817 4431 865 4466 oni.
886 4431 1003 4484 namque
