3142 4875
605 349 710 398 BEA'rl
738 349 923 400 FRANCISCI
1248 349 1323 418 379

203 455 211 461 ο
241 457 340 462 --—..
357 457 794 464 -.—.-.-——-.—-—.--—-.—..
820 459 1323 468 .-—-—-—.-—-—.-.-——..—---——-

201 582 344 653 viribus
362 582 581 662 traheretur,
605 580 739 653 cecidit
762 581 915 676 quidam
945 582 1014 654 sub
1043 581 1135 677 ipsu,
1159 582 1221 677 qui
1252 607 1325 655 non

203 687 323 760 solum
338 688 560 760 credebatur
575 687 782 767 defunctus,
802 688 869 759 sed
885 686 1049 761 totaliter
1064 689 1325 762 comminutus.

205 793 275 866 Cui
305 792 440 876 statim,
473 812 513 866 ut
549 793 617 867 sibi
654 795 776 866 visum
807 794 874 865 suit
912 810 951 868 et
986 793 1122 868 veritas
1151 795 1324 892 prodidit,

204 900 346 973 adstitit
381 918 532 972 sanctus
569 900 803 984 Franciscus,
835 917 872 972 et
892 901 1053 996 lapidem
1083 901 1326 984 sublevando

149 1036 167 1099 5
203 1008 347 1103 absque
375 1008 500 1103 aliqua
527 1008 693 1080 laesione
723 1006 889 1104 proiecit.
941 1008 1079 1103 Sicque
1109 1010 1328 1081 factumest

204 1131 244 1185 ut
264 1114 365 1210 quod
386 1114 465 1186 visu
487 1113 552 1186 luit
573 1114 759 1198 horribile,
778 1113 884 1186 fieret
902 1113 1076 1186 omnibus
1089 1113 1326 1193 admirabile.

288 1241 348 1312 59.
370 1221 689 1302 Bartholomaeus,
714 1220 922 1294 Gaietanus
942 1219 1042 1304 civis,
1067 1246 1149 1294 cum
1171 1223 1218 1294 ad
1240 1247 1326 1294 con·

204 1326 446 1400 structionem
476 1326 668 1401 cuiusdam
706 1327 888 1400 ecelesiae
921 1328 1021 1401 beati
1052 1327 1239 1402 Francisci
1271 1330 1327 1400 ni-

204 1435 318 1506 mium
339 1434 550 1517 desudaret,
573 1450 612 1507 et
631 1434 834 1530 quamdam
856 1435 999 1506 trabem
1026 1433 1136 1508 vellet
1154 1435 1327 1508 aedificio

131 1568 173 1614 ro
204 1540 402 1637 applicare,
422 1566 495 1613 non
510 1541 607 1614 bene
623 1540 743 1613 locata
759 1541 922 1636 trabe[s]
941 1541 1075 1614 cecidit
1089 1557 1127 1614 et
1141 1542 1325 1614 cervicem

204 1649 284 1719 eius
313 1647 477 1744 graviter
511 1649 784 1743 conquassavit.
843 1646 969 1720 Nimio
999 1673 1160 1744 namque
1194 1673 1327 1721 cruore

206 1772 392 1837 manante,
424 1755 524 1827 tenui
563 1755 692 1851 spiritu
730 1753 926 1850 palpitans
958 1779 981 1826 a
1015 1754 1179 1850 quodam
1214 1758 1327 1827 fratre

206 1861 380 1933 viaticum
400 1861 611 1958 postulavit.
657 1861 770 1954 Quod
793 1861 906 1933 srater
921 1860 1088 1933 invenire
1108 1886 1154 1933 ex
1175 1861 1325 1933 instanti

123 1956 128 1964 ’
206 1993 279 2040 non
300 1968 439 2052 valens
461 1969 549 2064 quia
568 1968 661 2040 mori
682 1967 806 2040 subito
826 1968 1059 2050 credebatur,
1078 1968 1178 2040 beati
1194 1969 1325 2064 Augu·

132 2104 171 2166 15
205 2073 290 2146 stini
320 2076 474 2147 verbum
505 2074 552 2146 illi
584 2074 735 2170 protulit
763 2074 912 2146 dicens:
945 2073 1080 2158 Crede,
1103 2091 1141 2146 et
1169 2075 1327 2146 mandu-

206 2180 308 2254 casti.
358 2181 538 2278 Sequenti
559 2183 672 2278 igitur
692 2197 811 2261 nocte,
836 2182 969 2253 beatus
998 2179 1222 2253 Franciscus
1242 2206 1325 2252 cum

206 2287 376 2361 undecim
399 2287 572 2362 iratribus
591 2288 639 2359 illi
660 2283 842 2384 apparuit,
865 2304 904 2360 et
922 2286 1018 2359 inter
1037 2288 1152 2360 ubera
1173 2304 1327 2383 portans

205 2395 417 2492 agniculum
447 2397 495 2469 ad
524 2397 661 2469 lectum
690 2395 770 2467 eius
798 2395 966 2475 accessit,
998 2393 1219 2491 vocavitque
1240 2419 1325 2467 eum

205 2528 253 2574 ex
283 2503 432 2575 nomine
454 2504 635 2597 [dicens]:
659 2501 744 2573 Noli
765 2501 906 2583 timere,
931 2502 1226 2581 Bartholomaee‚
1251 2527 1325 2573 non

131 2634 176 2680 20
205 2608 433 2705 praevalebit
462 2611 660 2681 adversum
688 2625 725 2681 te
755 2608 935 2692 inimicus,
968 2608 1029 2704 qui
1068 2624 1105 2680 te
1143 2634 1211 2705 pro
1241 2633 1326 2679 meo

205 2715 356 2788 servitio
384 2715 501 2788 voluit
529 2715 720 2812 impedire,
753 2715 841 2811 quia
869 2741 958 2787 ecce
987 2741 1100 2788 sanus
1128 2740 1323 2812 exsurges

206 2822 276 2894 llic
313 2839 371 2895 est
407 2848 529 2920 agnus
564 2848 677 2918 quem
714 2821 779 2894 tibi
818 2821 896 2894 dari
935 2822 1101 2917 petebas,
1139 2848 1250 2918 quem
1288 2838 1326 2894 et
1382 2818 1385 2821 ’

206 2947 358 3026 propter
376 2930 516 3002 bonum
537 2930 762 3001 desiderium
785 2927 992 3025 suscepisti.
1038 2930 1135 3002 Nam
1156 2945 1193 3001 et
1213 2929 1327 3001 irater

207 3036 293 3108 utile
324 3035 517 3108 consilium
547 3036 612 3108 tibi
641 3035 754 3107 dedit.
813 3034 863 3106 Et
891 3034 943 3108 sic
972 3061 1039 3132 per
1066 3037 1221 3109 vulnera
1250 3061 1326 3107 ma-

133 3169 172 3234 25
208 3168 293 3214 num
330 3143 481 3225 ducens
512 3143 560 3214 ad
597 3168 691 3238 opus
728 3142 829 3238 quod
868 3158 1045 3238 coeperat
1082 3168 1167 3215 eum
1203 3143 1323 3215 redire

205 3248 406 3345 praecepit.
455 3249 530 3342 Qui
548 3248 659 3348 'valde
689 3273 798 3321 mane
828 3273 1070 3346 consurgens,
1095 3267 1133 3321 et
1163 3249 1232 3321 hiis
1261 3249 1323 3344 qui

205 3382 290 3428 eum
311 3357 538 3429 seminecem
559 3354 785 3452 reliquerant
805 3354 1000 3428 incolumis
1024 3373 1061 3428 et
1080 3382 1194 3428 sanus
1213 3381 1324 3451 appa-

206 3489 301 3546 rens,
333 3462 615 3535 admirationem
655 3461 775 3533 intulit
804 3480 842 3533 et
878 3479 1082 3557 stuporem.
1139 3463 1325 3534 Putabant

205 3594 335 3641 revera
354 3596 485 3641 omnes
506 3587 658 3665 propter
678 3569 902 3664 insperatam
924 3570 1081 3640 salutem
1101 3571 1325 3665 phantasma

138 3701 176 3767 30
206 3676 331 3748 videre
362 3701 434 3749 non
465 3676 665 3758 hominem,
699 3701 771 3746 non
802 3700 950 3747 carnem
982 3676 1048 3746 sed
1075 3675 1243 3771 spiritum
1274 3675 1324 3747 in-

205 3782 309 3855 tueri.
342 3782 482 3855 Verum
498 3783 585 3878 quia
606 3784 652 3853 de
669 3782 929 3854 construendis
944 3781 1122 3854 aediliciis
1142 3782 1189 3854 ad
1205 3782 1323 3853 sancti

278 3975 316 4013 ro.
338 3960 367 4011 ,tl
385 3959 460 4011 trabe
560 3973 599 4012 12.
622 3960 649 4010 ll
668 3960 788 4010 correctio
808 3969 935 4009 manente
1031 3972 1069 4022 15.
1089 3956 1200 4026 protulit
1220 3956 1324 4027 dicens]

205 4039 250 4092 ΡΑ
270 4039 335 4091 dixit
441 4040 533 4105 17-18.
553 4036 830 4106 inter-agniculum]
852 4037 899 4089 ΡΑ
918 4052 1012 4088 secum
1037 4035 1066 4089 in
1085 4036 1196 4088 brachio
1217 4050 1325 4105 portans

203 4136 304 4185 agnum
381 4120 419 4173 18.
440 4120 486 4172 Fri
508 4118 585 4171 illum
672 4130 709 4187 19.
730 4116 762 4167 M
780 4134 828 4169 orn.
849 4117 942 4169 dicens
1026 4116 1324 4186 20-21.qui-voluit]

204 4199 250 4251 ΡΑ
271 4198 365 4251 volens
385 4212 410 4251 te
431 4215 480 4267 pro
499 4216 562 4251 meo
582 4197 692 4251 servitio
766 4212 808 4249 21.
826 4197 857 4249 Μ
870 4213 1015 4267 exsurgens
1088 4195 1183 4250 26-28.
1204 4210 1231 4249 et
1248 4196 1325 4249 hiis·

203 4279 346 4349 apparens]
367 4280 413 4333 ΡΑ
434 4279 580 4331 incolumis
600 4291 626 4331 et
645 4294 727 4330 sanus
750 4277 801 4329 hiis
826 4280 872 4348 qui
897 4293 959 4329 eum
980 4277 1145 4330 seminecem
1165 4277 1325 4346 reliquerant

204 4359 327 4429 apparuit
344 4367 366 4413 el
385 4376 433 4413 om.
454 4360 660 4411 admirationem
671 4371 838 4426 -stuporem
913 4372 952 4424 30.
974 4356 1024 4409 ΡΑ
1041 4376 1089 4409 orn,
1106 4374 1164 4409 non
1179 4374 1287 4409 carnem
1303 4365 1325 4409 et

204 4439 308 4510 reliqua.
