3142 4875
276 316 352 389 390
579 319 786 368 tractatus
816 321 862 369 ne
890 321 1084 370 attractus

547 429 752 436 ..-—--—-....n
791 430 867 435 ,.ᾼ-
905 432 921 435 k
947 431 1135 437 ..—--.-*
1166 432 1402 439 .-.-..—--—-

272 582 366 634 sum,
383 555 413 626 si
430 554 605 626 volebant
619 554 800 636 evadere;
818 556 885 626 sed
900 555 977 627 dux
993 581 1122 628 eorum
1138 555 1263 627 audax
1278 556 1310 627 F
1312 581 1399 628 ran·

272 663 392 736 ciscus
406 661 510 733 dedit
522 661 718 734 audaciam
733 662 1000 734 descendendi.
1053 662 1171 758 Igitur
1186 662 1398 735 incolumes

272 771 493 843 recedentes
512 766 686 840 abierunt
712 768 845 850 securi,
869 770 1016 866 magnis
1044 768 1254 864 praeconiis
1282 770 1397 841 huius

272 877 389 949 sancti
418 873 608 972 magnalia
634 875 905 971 praedicantes.

353 1007 415 1073 91.
445 982 625 1054 Albertus
652 982 701 1054 de
729 982 870 1060 Areti0.
903 1008 987 1053 cum
1017 982 1053 1054 in
1084 981 1239 1055 vinculis
1266 984 1396 1056 arctis·
1430 998 1449 1060 5

271 1090 375 1163 simis
393 1107 585 1162 teneretur
598 1113 667 1185 pro
685 1089 821 1160 debitis
841 1089 976 1161 iniuste
994 1090 1043 1161 ab
1061 1114 1109 1161 eo
1128 1090 1263 1186 petitis,
1285 1114 1394 1162 suam

271 1196 523 1270 innocentiam
538 1213 669 1269 sancto
683 1197 714 1267 F
717 1197 885 1268 rancisco
901 1197 1088 1269 humiliter
1100 1197 1392 1269 commendavit.

272 1304 456 1378 Ordinem
493 1303 648 1375 fratrum
685 1302 885 1398 plurimum
918 1302 1109 1400 diligebat,
1145 1321 1183 1375 et
1220 1320 1393 1376 sanctum

271 1412 367 1483 inter
394 1426 545 1482 sanctos
572 1407 724 1506 speciali
753 1410 1002 1482 venerabatur
1029 1410 1174 1483 affectu.
1233 1410 1395 1482 Dixerat

270 1537 396 1591 autem
416 1515 579 1589 creditor
597 1540 687 1588 suus
704 1541 798 1589 voce
818 1516 1048 1612 blasphema,
1070 1518 1172 1613 quod
1193 1542 1261 1590 nec
1285 1517 1395 1590 Deus
1428 1529 1469 1573 10

272 1651 342 1698 nec
362 1623 583 1696 Franciscus
604 1638 732 1719 posset
750 1648 836 1695 eum
857 1625 904 1695 de
924 1624 1001 1695 suis
1020 1625 1192 1696 manibus
1220 1625 1391 1697 liberare.

271 1732 427 1805 Factum
456 1745 515 1803 est
542 1730 668 1825 itaque
698 1730 734 1801 in
762 1729 891 1827 vigilia
927 1730 1045 1802 sancti
1075 1730 1274 1814 Francisci‚
1307 1757 1394 1804 cum

271 1838 416 1911 vinctus
445 1837 505 1910 itte
534 1836 622 1909 nihil
651 1838 887 1918 comedisset,
907 1837 992 1931 [sed
1019 1838 1069 1910 ob
1088 1838 1205 1910 sancti
1225 1862 1394 1910 amorem

272 1945 408 2018 victum
445 1969 554 2016 suum
589 1943 737 2016 cuidam
772 1944 963 2016 tribuisset
996 1949 1151 2042 egeno,]
1187 1961 1298 2018 nocte
1333 1970 1393 2017 ve-

272 2052 406 2136 niente,
429 2048 601 2147 apparuit
628 2050 661 2123 ei
690 2049 858 2147 vigilanti
878 2069 1030 2123 sanctus
1049 2051 1280 2124 Franciseus
1329 2051 1393 2123 Ad
1430 2063 1463 2126 ¹5

271 2159 375 2232 cuius
407 2158 617 2255 ingressum
653 2157 801 2230 vincula
834 2158 881 2230 de
911 2159 1069 2255 pedibus
1097 2173 1136 2231 et
1163 2175 1319 2231 catenae
1344 2160 1394 2230 de

271 2267 442 2339 manibus
474 2264 699 2337 ceciderunt.
770 2264 913 2360 Sponte
945 2282 1076 2360 aperta
1108 2282 1195 2338 sunt
1223 2267 1318 2338 ostia
1354 2283 1394 2336 et

270 2372 507 2471 prosilierunt
527 2370 676 2444 tabulae
690 2370 739 2445 de
753 2370 900 2454 solario,
915 2387 953 2444 et
968 2370 1060 2445 liber
1079 2371 1260 2446 abscessit
1277 2372 1394 2445 homo

269 2482 318 2554 ad
342 2480 493 2577 propria
521 2479 680 2551 rediens.
740 2478 911 2576 Implevit
938 2505 986 2552 ex
1015 2497 1103 2552 tunc
1133 2498 1273 2563 votum,
1305 2479 1395 2551 ieiu-

272 2612 363 2660 nans
386 2585 550 2684 vigiliam
580 2586 696 2659 sancti
730 2586 930 2671 Francisci‚
960 2602 998 2658 et
1027 2612 1147 2670 cereo,
1185 2611 1295 2684 quem
1330 2612 1393 2659 an·
1425 2598 1467 2644 20

272 2694 411 2766 nuatim
431 2692 548 2773 offert,
579 2692 770 2765 annuatim
800 2718 912 2766 unam
942 2692 1088 2766 unciam
1121 2693 1390 2789 superaddidit.

352 2824 412 2891 92.
445 2798 592 2872 iuvenis
611 2799 763 2895 quidam
784 2802 832 2872 de
852 2816 1021 2873 contrata
1037 2800 1208 2873 Civitatis
1225 2800 1390 2883 Castelli,

271 2908 319 2980 de
354 2906 527 2980 incendio
564 2922 771 2988 accusatus,
808 2933 891 2979 cum
922 2906 958 2978 in
989 2932 1139 2979 carcere
1167 2908 1262 2980 duro
1290 2930 1394 2979 com-

270 3014 419 3111 peditus
439 3013 586 3095 iaceret,
609 3040 714 3086 suam
736 3039 886 3086 causam
917 3013 1104 3086 humiliter
1127 3032 1258 3086 sancto
1278 3013 1393 3085 Fran·

271 3121 371 3194 cisco
399 3119 593 3196 commisit.
653 3120 727 3214 Qui
757 3146 842 3192 cum
864 3138 971 3193 nocte
992 3122 1154 3217 quadam
1179 3138 1217 3193 et
1237 3120 1393 3192 vinculis
1424 3132 1462 3197 25

270 3245 308 3300 et
336 3227 552 3300 custodibus
585 3226 723 3300 iaceret
755 3228 964 3311 adstrictus,
1004 3253 1137 3300 vocem
1171 3227 1313 3300 audivit
1341 3227 1393 3298 di-

271 3351 417 3408 centem
446 3334 531 3407 sibi:
563 3333 685 3431 Surge
714 3332 892 3406 velociter
911 3349 949 3405 et
968 3359 1087 3431 perge
1112 3360 1188 3430 quo
1217 3333 1282 3416 vis,
1305 3333 1392 3431 quia

271 3458 334 3515 tua
362 3442 509 3515 vincula
528 3456 615 3513 sunt
634 3441 764 3513 soluta.
824 3441 982 3513 Perfecit
1003 3442 1148 3538 absque
1168 3466 1272 3514 mora
1293 3464 1393 3513 man-

270 3550 417 3629 datum:
435 3565 507 3621 ete
523 3572 672 3620 carcere
688 3549 786 3620 foras
801 3547 972 3637 eductus,
984 3573 1114 3620 versus
1124 3547 1311 3620 Assisium
1322 3549 1393 3620 iter

270 3655 436 3752 arripuit,
455 3654 644 3727 liberatori
665 3679 733 3727 suo
752 3655 872 3727 laudis
892 3653 1113 3728 sacrificium
1133 3655 1335 3728 oblaturus.
1424 3667 1464 3731 30

354 3787 414 3855 93.
447 3760 652 3833 Residente
683 3762 718 3834 in
747 3761 837 3833 sede
866 3761 965 3833 beati
995 3760 1094 3833 Petri
1123 3761 1275 3834 domino
1300 3760 1392 3834 Gre-

272 3869 379 3967 gorio
400 3871 500 3966 Papa
515 3867 926 3949 Non0‚‘baereticorum
946 3869 1158 3965 persecutio
1179 3867 1216 3940 in
1236 3866 1393 3941 diversis

272 3977 439 4073 partibus
468 3974 678 4048 necessario
708 3992 840 4047 exorta
868 3991 936 4047 est.
996 3976 1035 4047 ln
1056 4000 1130 4070 qua
1150 3975 1302 4071 quidam
1327 3975 1389 4047 Pe·

271 4100 348 4156 trus
379 4083 539 4166 nomine,
560 4082 609 4153 de
629 4080 778 4154 civitate
798 4080 920 4165 Alifia,
945 4082 992 4154 de
1013 4082 1158 4155 haeresi
1182 4096 1390 4165 accusatus,

345 4353 552 4483 13.bABvictus
629 4354 1224 4425 1344.Mom.sed-egeno,supp1.cxSB
1290 4355 1391 4424 3an

271 4440 358 4484 elom.
398 4433 450 4484 eati
