3142 4875
607 348 710 397 llEATl
739 348 924 397 l'RANClSCl
1253 349 1324 417 199

205 456 471 465 .——————
792 457 891 465 -—-m-

206 606 291 654 nem
306 580 372 654 tibi
391 580 472 676 [de]
486 582 693 677 proxim[o]
712 580 920 653 affuturam.
978 580 1027 652 Et
1042 579 1192 652 adiecit:
1211 581 1327 655 Dices

205 688 240 760 ei
268 713 316 760 ex
344 705 452 784 parte
472 687 545 760 Dei
573 704 611 760 et
639 707 734 769 mea,‘
756 687 858 783 quod
888 711 986 758 nunc
1014 704 1072 758 est
1100 703 1249 784 tempus
1268 714 1328 761 sa-

204 793 301 879 lutis
331 795 571 891 postmodum
594 794 803 890 aequitatis.
861 792 1129 865 Benedictione
1158 811 1324 891 accepta,

205 900 402 973 revertitur
431 899 570 981 mulier,
602 899 742 972 invenit
769 900 900 984 virum,
932 899 1128 972 denuntiat
1154 901 1320 973 verbum.

152 1035 171 1101 5
206 1007 352 1079 Cecidit
380 1007 503 1080 subito
523 1031 636 1103 super
655 1032 741 1078 eum
761 1005 922 1102 Spiritus
940 1022 1102 1090 sanctus,
1124 1024 1163 1078 et
1188 1032 1326 1079 novum

205 1114 343 1185 sactum
372 1114 421 1186 de
442 1113 571 1185 ¹veteri
605 1138 689 1184 cum
723 1113 825 1185 omni
859 1111 1144 1185 mansuetudine
1174 1138 1325 1210 respon·

206 1220 296 1292 dere
324 1219 377 1291 sic
407 1219 509 1292 lacit:
533 1218 708 1304 Domina,
730 1220 935 1292 serviamus
955 1219 1050 1302 Deo,
1074 1235 1112 1291 et
1140 1219 1327 1293 salvemus

205 1326 348 1399 animas
378 1344 523 1399 nostras
553 1326 589 1398 in
625 1325 738 1398 domo
774 1342 912 1398 nostra.
972 1325 1181 1421 Respondit
1210 1351 1324 1399 uxor:

205 1432 364 1505 Videtur
392 1433 480 1505 mihi
510 1431 738 1505 continentia
767 1431 869 1504 velut
897 1433 1179 1505 [undamentum
1209 1435 1325 1529 quod-

133 1565 177 1612 10
205 1538 292 1612 dam
321 1539 358 1611 in
386 1540 511 1612 anima
540 1539 809 1622 collocandum,
832 1555 871 1611 et
893 1536 1058 1634 reliquae
1086 1540 1239 1611 tandem
1269 1565 1325 1611 su-

205 1645 527 1742 peraedificandae
564 1645 729 1718 virtutes
788 1645 837 1717 Et
874 1646 955 1729 hoc,
988 1643 1107 1740 inquit
1135 1645 1204 1729 ille,
1237 1647 1327 1717 mihi

205 1752 300 1825 sicut
318 1768 357 1825 et
376 1753 442 1825 tibi
463 1751 594 1849 placet.
653 1751 802 1824 Exinde
830 1752 997 1848 pluribus
1016 1750 1124 1824 annis
1143 1752 1324 1824 coelibem

205 1859 318 1931 vitam
346 1875 516 1956 agentes
538 1858 671 1931 eodem
693 1857 764 1941 die,
788 1883 884 1930 unus
904 1858 1125 1930 matutinum
1155 1857 1328 1931 holocau-

205 1981 312 2045 stum,
330 1966 424 2037 alter
442 1965 548 2061 quasi
568 1964 789 2038 sacrificium
809 1963 1073 2060 vespertinum,
1094 1963 1248 2036 feliciter
1263 1964 1327 2036 mi-

134 2101 175 2166 15
204 2089 418 2169 graverunt.
476 2072 582 2144 Felix
602 2070 744 2154 mulier,
761 2096 859 2168 quae
879 2070 931 2143 sic
951 2070 1082 2142 herum
1099 2068 1327 2143 mollificavit

204 2178 252 2251 ad
279 2178 412 2251 vitam!
464 2177 642 2274 lmpletur
671 2178 707 2249 in
738 2203 782 2251 ea
811 2175 899 2250 illud
928 2175 1121 2273 Apostoli:
1153 2174 1326 2250 Salvatus

204 2301 261 2358 est
279 2285 335 2356 vir
354 2283 513 2357 infidelis
533 2310 600 2382 per
619 2286 813 2357 mulierem
843 2282 1002 2356 fidelem.
1061 2282 1137 2356 Sed
1156 2282 1260 2368 tales
1284 2298 1325 2357 ut

205 2392 391 2465 communi
420 2391 620 2489 proverbio
649 2406 742 2477 utar,
774 2406 931 2490 possunt
960 2388 1072 2462 hodie
1101 2388 1230 2488 digitis
1259 2415 1326 2463 nu·
1402 2464 1405 2471 ,

204 2524 350 2577 meran.

129 2849 175 2897 20
205 2835 408 2929 [Quomodo
417 2844 494 2929 per
509 2834 689 2930 spiritum
711 2834 880 2931 cognouit
894 2835 1065 2929 fratrem
1084 2835 1154 2929 qui
1176 2835 1326 2906 scanda-

283 2950 466 3022 lizaverat
466 2950 649 3045 fratrem,
661 2974 767 3045 quem
783 2948 1000 3046 relngzimem
1014 2949 1209 3020 exiturum
1220 2958 1327 3043 prae·

282 3065 415 3161 dz'xz'lJ.
473 3064 521 3136 X.

284 3302 343 3370 39.
362 3277 452 3350 Duo
472 3278 603 3349 fratres
622 3292 807 3349 venerunt
825 3275 1026 3372 aliquando
1050 3277 1097 3348 de
1116 3277 1236 3350 Terra
1257 3278 1326 3350 La·

202 3384 312 3467 boris,
331 3409 489 3481 quorum
506 3383 692 3479 antiquior
711 3382 832 3455 intulit
847 3381 963 3455 rnulta
982 3383 1158 3456 scandala
1178 3383 1322 3456 iuniori.

130 3489 172 3555 25
202 3489 303 3572 Erat,
327 3490 490 3587 inquam,
514 3515 588 3562 non
607 3489 730 3562 socius
750 3490 817 3561 sed
841 3505 1032 3584 tyrannus.
1091 3489 1216 3562 Iunior
1236 3514 1324 3562 vero

202 3596 328 3669 omnia
364 3612 519 3694 propter
555 3596 680 3668 Deum
720 3596 848 3690 [miro]
888 3593 1034 3667 silentio
1076 3596 1320 3668 substinebat.

203 3702 299 3775 Cum
327 3719 454 3777 autem
490 3702 681 3775 venisseut
707 3700 893 3774 Assisium
923 3718 961 3774 et
998 3703 1171 3775 intrasset
1205 3701 1325 3773 iunior

202 3807 263 3881 ille
281 3810 330 3882 ad
349 3825 518 3882 sanctum
548 3809 800 3895 Franciscum‚
822 3825 902 3882 erat
921 3807 1106 3904 siquidem
1136 3807 1326 3880 familiaris

202 3915 336 4002 eidem,
366 3915 461 3988 dixit
489 3916 585 3988 inter
611 3916 683 3989 alia
703 3932 873 3987 sanctus:
897 3914 1068 4008 Qualiter
1086 3939 1180 4011 erga
1201 3931 1240 3986 te
1268 3940 1325 3986 so-

128 4024 172 4090 30
202 4022 281 4094 cius
309 4014 394 4095 tuus
422 4047 463 4096 se
491 4021 621 4096 habuit
641 4022 677 4094 in
697 4022 769 4095 hoc
790 4021 947 4094 itinere?
1004 4021 1079 4115 Qui
1109 4020 1321 4117 respondit:

276 4232 482 4302 1.Apronime
559 4232 768 4301 15-19.Mom.
790 4229 1036 4285 Felix-numerari
1111 4230 1150 4286 16.
1170 4232 1200 4287 R.
1220 4233 1324 4286 Sancti·
1417 4236 1419 4240 '

201 4309 296 4363 litatus
382 4309 424 4365 26.
443 4312 468 4364 A
486 4324 564 4364 tanto
620 4311 722 4364 Rraro
805 4324 846 4377 27.
867 4311 888 4366 R
907 4310 1030 4364 venirent
1120 4327 1159 4383 30.
1180 4314 1209 4366 M
1227 4331 1276 4366 om.
1296 4313 1324 4366 in

200 4390 256 4443 hoc
275 4392 368 4444 iuuere
