3142 4875
600 334 877 385 PROLEGOMENA
1185 334 1302 385 xxxtu

172 580 253 646 quae
266 558 448 625 necessario
464 557 571 645 magis
582 555 792 623 occurrebant
804 555 843 621 ad
859 576 1008 642 praesens
1021 554 1186 639 adnotare,
1200 575 1234 623 ut
1250 558 1303 646 qui

172 661 1302 753 plushiisdicerecuperent,quidadderentsempervalerentinvenire.

237 771 331 840 Talis
361 771 546 839 deficientia
577 770 609 836 in
639 771 864 836 monumentis
896 769 1019 855 scriptis
1051 767 1160 837 fratres
1185 771 1305 837 contri-

172 878 286 958 stabat,
310 897 344 945 et
367 877 457 967 lapsu
478 876 631 964 temporis
654 874 855 942 rarescebant
879 875 968 956 socii,
988 876 1042 963 qni
1062 894 1159 943 testes
1178 873 1305 944 fuerant

173 988 256 1051 vitae
273 985 432 1072 seraphici
451 982 563 1050 Patris.
602 981 698 1049 Unde
711 981 899 1068 Capitulum
913 982 1074 1068 generale,
1091 983 1210 1050 lanuae
1227 1004 1304 1049 con-

175 1111 348 1180 gregatum
372 1111 461 1157 anno
485 1108 578 1175 1244,
604 1088 687 1156 hanc
708 1086 987 1176 imperfectionem
1013 1089 1171 1176 corrigere
1191 1087 1304 1155 voluit.

176 1199 306 1291 Electus
325 1196 428 1264 fuerat
448 1197 482 1263 in
503 1195 686 1263 Ministrum
706 1194 891 1283 generalem
914 1194 1119 1262 Crescentius
1136 1195 1175 1262 de
1195 1194 1305 1277 Aesi0,

180 1303 403 1371 «venerabilis
418 1325 530 1380 senex,
544 1302 645 1369 horno
660 1303 762 1368 iustus
775 1320 807 1367 et
823 1300 1007 1389 disciplinae
1023 1301 1093 1369 zelo
1110 1301 1260 1389 probatus
1273 1329 1305 1381 s,

177 1412 222 1478 uti
251 1410 399 1477 referunt
431 1409 595 1477 Chronica
627 1408 742 1476 XXIV
774 1408 1024 1476 Generaliurn(¹)
1054 1431 1137 1497 quae
1164 1409 1304 1476 addunt:

181 1517 247 1584 «ln
264 1539 335 1605 quo
351 1516 492 1604 capitulo
509 1514 594 1582 idem
609 1515 774 1582 Generalis
794 1516 952 1603 praecepit
972 1515 1128 1582 universis
1147 1514 1305 1595 iratribus,

177 1622 265 1711 quod
290 1623 353 1690 sibi
376 1626 410 1689 in
437 1622 559 1709 scriptis
590 1620 772 1710 dirigerent,
797 1620 953 1709 quidquid
977 1621 1016 1688 de
1045 1623 1122 1701 vita,
1150 1622 1251 1710 signis
1275 1640 1307 1688 et

178 1730 336 1819 prodigiis
364 1729 447 1796 beati
481 1729 639 1795 francisci
671 1729 750 1796 scire
774 1730 929 1795 veraciter
952 1749 1093 1816 possent.
1150 1731 1230 1812 Quo
1258 1730 1307 1797 in·

177 1837 263 1905 ducti
288 1836 403 1904 fratres
428 1836 509 1913 Leo,
526 1836 669 1923 Angelus
694 1854 726 1902 et
751 1834 898 1915 Rufinus,
922 1833 1088 1923 quondam
1111 1837 1191 1902 socii
1206 1838 1307 1903 sancti

180 1945 294 2025 Patris,
313 1944 425 2024 multa,
443 1965 524 2031 quae
544 1941 584 2009 de
605 1943 675 2030 ipso
699 1941 751 2007 vel
775 1941 919 2008 viderant
939 1942 989 2009 vel
1006 1941 1194 2009 audiverant
1210 1967 1227 2007 a
1243 1941 1307 2009 fide

178 2052 285 2140 dignis
311 2051 505 2117 fratribus...
531 2071 586 2135 per
611 2046 745 2115 modurn
771 2047 986 2136 Legendae(²)
1010 2050 1042 2115 in
1066 2050 1190 2135 scriptis
1219 2048 1307 2115 rede·

179 2177 297 2245 gerunt
320 2177 353 2222 et
369 2155 475 2223 eidem
492 2154 639 2222 Generali
657 2153 794 2222 fideliter
812 2156 1066 2220 transmiserunt.
1115 2154 1195 2220 Aliis
1209 2154 1307 2220 etiam

179 2263 288 2330 multis
312 2286 396 2351 quae
427 2280 586 2328 noverant
609 2259 881 2349 recolligentibus,
905 2259 1005 2326 multa
1038 2260 1201 2339 miracula,
1225 2283 1308 2348 quae
1333 2247 1336 2254 ⁵

179 2371 316 2440 Sanctus
339 2370 374 2437 in
398 2368 531 2436 diversis
555 2366 641 2441 orbis
668 2367 808 2457 partibus
832 2366 960 2448 fecerat,
980 2364 1108 2436 fuerunt
1136 2367 1306 2456 publicata.

180 2477 218 2545 Et
236 2496 321 2566 post,
344 2475 442 2545 frater
464 2474 612 2542 Thomas
632 2473 671 2541 de
696 2474 832 2553 Celano,
850 2472 889 2539 de
909 2472 1062 2540 mandato
1082 2474 1225 2542 eiusdem
1244 2476 1313 2541 Mi.

179 2584 268 2651 nistri
294 2602 326 2650 et
345 2582 502 2669 generalis
520 2580 658 2670 capituli,
674 2581 814 2669 primum
840 2598 1008 2646 tractatum
1030 2580 1201 2668 Legendae
1223 2580 1306 2648 beati

182 2690 354 2768 Francisci,
379 2688 419 2756 de
450 2689 515 2754 vita
541 2687 660 2755 scilicet
683 2704 714 2754 et
738 2686 843 2754 verbis
874 2706 906 2753 et
930 2687 1110 2753 intentione
1134 2687 1200 2753 eius
1226 2688 1307 2754 circa

180 2819 217 2863 ea
247 2818 330 2885 quae
362 2794 522 2884 pertinent
552 2792 591 2861 ad
622 2793 778 2881 regulam,
807 2793 1038 2881 compilavit...
1094 2791 1189 2872 Quae
1221 2793 1307 2861 dicto

181 2902 332 2970 Generali
350 2922 392 2989 et·
406 2900 544 2989 capitulo
560 2900 703 2988 dirigitur
727 2922 801 2966 cum
816 2899 954 2987 prologo
970 2900 1024 2987 qui
1048 2899 1173 2987 incipit:
1192 2900 1308 2967 Placuit

181 3024 301 3077 sanctae
324 3010 512 3076 universitati
534 3020 650 3075 vestrae
663 3032 693 3071 n.

247 3119 565 3186 Chronicisconcors
579 3134 626 3182 est
636 3113 832 3192 Salimbene,
845 3115 899 3202 qui
914 3112 1207 3180 breviusscribitde
1217 3135 1306 3180 novo

183 3223 332 3292 Generali
356 3225 510 3311 loquens:
541 3221 634 3288 «Hic
651 3221 809 3308 praecepit
831 3217 916 3286 fratri
932 3219 1085 3286 Thomae
1102 3217 1141 3285 de
1159 3217 1305 3297 Cellano‚

182 3332 235 3420 qui
251 3334 386 3419 primam
404 3328 591 3417 Legendam
612 3327 695 3394 beati
713 3326 873 3393 Francisci
891 3322 1018 3405 fecerat,
1038 3344 1072 3392 ut
1095 3325 1212 3391 iterum
1231 3326 1305 3391 scri-

183 3437 270 3506 beret
301 3437 398 3505 alium
423 3435 550 3515 librum,
578 3433 729 3522 eoquod
753 3433 854 3500 multa
878 3431 1124 3499 inveniebantur
1147 3431 1186 3497 de
1210 3430 1305 3499 beato

184 3546 353 3613 Francisco
376 3565 459 3633 quae
481 3543 596 3630 scripta
616 3564 683 3607 non
699 3560 798 3607 erant.
845 3539 885 3606 Et
908 3540 1032 3626 scripsit
1056 3538 1304 3627 pulcherrimum

184 3652 298 3722 librum
322 3673 387 3720 tam
406 3651 445 3719 de
470 3648 628 3717 miraculis
643 3670 741 3737 quam
761 3647 801 3715 de
816 3651 890 3728 vita,
915 3670 1012 3736 quem
1033 3646 1217 3734 appellavit:
1239 3647 1306 3711 illr-

183 3759 305 3827 ntorialc
329 3759 408 3826 beati
427 3756 581 3823 francisci
599 3758 632 3822 in
654 3754 798 3822 desideria
817 3756 936 3820 animae
951 3753 1021 3819 nst)

250 3915 293 3981 (t)
314 3911 438 3965 Analecta
457 3910 639 3973 franciscana,
658 3920 676 3962 t.
697 3907 745 3970 lll,
762 3925 786 3978 p.
808 3906 867 3961 261.

250 4000 294 4070 (2)
315 4019 330 4049 n
341 3999 392 4053 Per
411 3998 523 4052 madum
541 3997 680 4068 legendae
691 4016 719 4049 n:
741 3996 817 4050 Socii
831 3995 998 4048 contrarium
1013 4007 1196 4064 protestantur
1209 3994 1236 4046 in
1251 3996 1307 4065 epi-

182 4088 258 4143 stola.
301 4089 398 4152 Quum
421 4086 556 4140 scribebat
574 4084 733 4155 compilator
753 4084 965 4146 chronicarum,
985 4095 1047 4152 post
1066 4082 1187 4135 medium
1213 4099 1307 4137 saecu·

183 4177 238 4230 lum
262 4192 322 4243 xro,
345 4178 399 4229 ianr
424 4186 484 4228 orta
503 4187 559 4228 erat
587 4171 713 4228 conlusio
741 4174 810 4225 circa
834 4172 975 4241 legendas
1003 4171 1087 4223 sancti
1117 4170 1253 4223 Francisci
1283 4185 1309 4224 et

183 4282 275 4319 eorum
304 4277 438 4318 auctores.
485 4262 530 4316 Sic
548 4261 687 4316 Thomanr
717 4262 791 4326 dicit,
816 4261 875 4314 «de
899 4261 1068 4331 Ceperano»
1097 4274 1123 4312 et
1152 4260 1198 4312 alii
1218 4261 1307 4330 plures

184 4370 244 4408 corn
256 4354 314 4409 illo.
679 4408 683 4415 ,

253 4444 295 4513 (3)
311 4440 438 4497 Chronica
450 4441 484 4509 fr.
498 4440 645 4506 Salimltene,
664 4439 682 4494 l.
704 4457 725 4494 c.
