3142 4875
577 363 683 413 nenti
710 361 897 413 Funuctsct
1248 362 1295 431 27

176 469 579 481 ----.--
589 475 684 482 -ὺ,

174 595 324 668 intuitus
338 613 377 669 et
393 614 586 694 expertus
604 599 839 694 refectusque
854 597 1060 671 sanctitatis
1076 597 1154 670 eius
1168 598 1295 683 odore,

126 789 129 796 A
174 704 344 799 concepit
370 703 549 777 timorem
578 720 616 777 et
644 703 772 777 salutis
800 704 969 801 spiritum
997 703 1202 801 parturivit.
1233 706 1300 778 Vi-

172 809 282 882 debat
310 835 400 883 eum
430 827 512 884 tota
541 813 650 885 rlocte
678 826 859 894 orantem,
891 811 1076 884 rarissime
1115 812 1299 885 dormien-

172 931 257 1001 tem,
277 917 500 992 laudantem
515 918 640 991 Deum
655 934 695 991 et
709 919 912 1015 gloriosam
929 917 1125 1015 Virginem
1141 936 1297 992 matrem

129 1051 144 1113 5
171 1024 259 1096 eius.
281 1023 497 1098 Mirabatur
522 1041 635 1121 atque
654 1024 820 1098 dicebat:
844 1024 944 1097 Vere
965 1024 1023 1097 hic
1042 1024 1157 1098 homo
1175 1051 1198 1098 a
1212 1026 1299 1099 Deo

172 1145 236 1203 est.
266 1131 475 1205 Accelerat
503 1133 660 1228 proinde
688 1133 853 1204 vendere
881 1131 1007 1204 omnia
1036 1157 1113 1215 sua,
1146 1148 1183 1205 et
1211 1157 1298 1231 pau·

170 1235 330 1332 peribus,
365 1263 444 1311 non
473 1239 700 1334 parentibus,
730 1238 911 1336 elargitus
939 1253 998 1311 est
1029 1262 1084 1320 ea,
1115 1253 1154 1311 et
1181 1241 1300 1337 perse·

172 1344 303 1416 ctionis
311 1343 401 1420 viae
417 1346 564 1418 titulum
578 1344 867 1442 apprehendens
881 1345 998 1418 sancti
1013 1346 1198 1444 evangelii
1214 1373 1299 1420 con·

172 1450 290 1524 silium
319 1453 547 1549 adimplevit
572 1478 648 1548 quo
677 1451 825 1525 dicitur:
853 1452 892 1525 Si
910 1451 967 1525 vis
994 1453 1182 1549 perfectus
1201 1479 1295 1537 esse,

113 1583 146 1629 ro
171 1559 275 1636 vade.
298 1575 338 1631 et
357 1560 486 1633 vende
515 1560 641 1632 omnia
659 1584 757 1657 quae
776 1560 905 1644 habes,
928 1576 966 1632 et
985 1561 1033 1633 da
1056 1561 1295 1658 pauperibus,

172 1682 209 1737 ct
226 1666 391 1739 habebis
419 1667 635 1739 thesaurum
661 1667 697 1738 in
727 1667 842 1750 caelu,
865 1683 903 1739 et
922 1665 1007 1739 veni
1037 1691 1196 1763 sequere
1225 1694 1296 1741 me.

172 1770 256 1865 Quo
277 1773 395 1858 sactu,
417 1773 493 1845 vita
512 1790 551 1845 et
569 1772 697 1846 habitu
718 1789 848 1845 sancto
873 1773 1074 1846 Francisco
1093 1775 1299 1847 associatus

172 1895 237 1961 est,
259 1895 422 1976 eratque
450 1905 535 1953 cum
554 1904 601 1952 eo
620 1904 778 1976 semper,
810 1905 1016 1977 quousque,
1048 1879 1299 1977 multiplicatis

172 1986 360 2070 iratribus
375 2012 460 2059 curn
476 1984 689 2059 obedientia
700 1986 750 2083 pii
766 1987 882 2083 patris
897 1987 944 2059 ad
956 1986 1047 2060 alias
1061 1987 1300 2061 transmissus

115 2118 124 2161 r
131 2120 144 2183 5
173 2108 227 2166 est
244 2094 441 2191 regiones.
463 2093 555 2165 Eius
575 2118 737 2189 namque
756 2094 805 2166 ad
825 2093 950 2167 Deum
966 2092 1162 2166 conversio
1182 2096 1300 2168 sorma

173 2201 315 2274 exstitit
347 2200 609 2274 convertendis
636 2198 674 2272 in
710 2199 925 2273 venditione
954 2199 1234 2297 possessionum
1263 2218 1301 2274 et
1347 2217 1350 2222 ’

174 2306 400 2405 elargitione
428 2331 647 2404 pauperum.

253 2440 271 2486 2
288 2436 320 2508 5.
343 2413 504 2488 Sanctus
519 2414 740 2490 Franciscus
759 2440 850 2488 vero
869 2416 917 2488 de
937 2413 1028 2487 tanti
1050 2413 1116 2487 viri
1135 2415 1299 2489 adventu

173 2538 210 2595 et
236 2522 490 2596 conversione
518 2521 671 2620 gavisus
699 2538 757 2595 est
784 2521 925 2620 gaudio
951 2547 1092 2620 magno
1110 2523 1230 2607 valde,
1253 2547 1300 2596 eo

114 2654 149 2701 20
175 2630 280 2726 quod
308 2628 496 2702 Dominus
515 2630 704 2702 videretur
723 2629 804 2701 eius
823 2629 963 2702 habere
991 2653 1130 2715 curam,
1152 2630 1246 2701 dans
1266 2628 1299 2703 ei

176 2736 320 2809 socium
346 2735 597 2809 necessarium
617 2752 655 2809 et
673 2735 835 2809 amicum
858 2735 1018 2809 fidelem.
1075 2735 1210 2809 Statim
1238 2761 1301 2810 au·

176 2859 251 2917 tem
272 2843 330 2915 vir
348 2843 442 2915 alter
470 2841 627 2916 civitatis
654 2842 789 2915 Assisii
819 2868 905 2916 eum
934 2858 1115 2938 sequutus
1137 2859 1204 2926 est,
1237 2844 1299 2940 qui

176 2952 286 3024 valde
324 2948 362 3022 in
400 2950 683 3023 conversatione
717 2948 913 3023 laudabilis
940 2949 1092 3028 exstitit.
1124 2966 1163 3022 et
1198 2952 1301 3046 quod

177 3072 306 3131 sancte
336 3056 460 3153 coepit
492 3056 656 3130 sanctius
684 3072 770 3152 post
799 3057 987 3129 modicum
1016 3056 1298 3130 consummavit.

115 3189 149 3255 ²5
177 3164 289 3238 Hunc
304 3188 406 3251 vero,
423 3179 509 3260 post
528 3188 603 3236 non
619 3163 775 3236 multum
790 3163 980 3261 temporis,
1003 3162 1170 3259 sequitur
1189 3166 1302 3238 irater

178 3269 376 3370 Aegidius,
398 3271 455 3344 vir
472 3270 631 3365 simplex
651 3286 689 3343 et
707 3286 832 3344 rectus
851 3295 895 3344 ac
914 3270 1050 3344 timens
1078 3270 1215 3355 Deum,
1237 3271 1300 3367 qui

179 3377 294 3476 longo
322 3396 493 3474 tempore
521 3377 660 3450 durans
688 3393 826 3461 sancte,
849 3378 945 3450 iuste
964 3402 1008 3450 ac
1036 3378 1098 3475 pie
1125 3377 1298 3462 vivend0,

179 3486 368 3582 perlectae
387 3484 636 3570 obedientiae,
664 3484 803 3558 laboris
822 3510 972 3581 quoque
992 3510 1180 3569 manuum,
1202 3485 1301 3559 vitae

180 3590 376 3677 solitariae,
391 3590 650 3690 sanctae[que]
664 3591 991 3689 contemplationis
1007 3591 1113 3665 nobis
1128 3594 1301 3690 exempla

252 3784 326 3840 rH
341 3784 446 3838 intuens
498 3782 770 3855 Oxrefect.quoque
822 3786 908 3839 Rom.
925 3786 983 3837 cius
1058 3786 1300 3854 3.05eumeuirn

180 3866 269 3920 Rom.
287 3876 345 3919 tota
399 3864 716 3919 Hnoctetotaacdle
789 3880 815 3930 4.
831 3865 995 3930 AS,Eom.
1010 3864 1153 3929 Virginem
1226 3865 1302 3919 605

182 3946 354 3999 Acceleravit
366 3962 403 4015 pr.
418 3947 496 3998 vend.
511 3962 587 3999 omn.
600 3962 670 4016 quae
683 3945 800 3998 habebat
868 3962 891 4014 7.
907 3947 961 4007 Or,
977 3946 996 3997 R
1012 3945 1122 4015 largitus
1191 3947 1249 4013 7-8.
1264 3948 1301 4009 E,

180 4026 220 4088 H,
237 4027 273 4088 t.
293 4027 335 4089 M,
353 4025 410 4088 Or,
428 4024 462 4090 R,
484 4026 518 4078 W
531 4024 698 4096 perfectioris
754 4025 814 4090 AS,
832 4025 866 4078 Os
880 4024 1046 4094 perfectioris
1060 4028 1130 4077 vitae
1203 4042 1227 4095 9.
1244 4027 1301 4087 ΑΕ,

181 4107 216 4169 L,
236 4107 279 4170 M,
298 4107 347 4170 0³,
366 4105 423 4172 Ox,
441 4106 513 4170 P,·R
533 4124 581 4158 om.
601 4121 655 4176 quo
674 4105 768 4158 dicitur
845 4121 884 4158 11.
901 4105 923 4159 P
941 4105 1020 4159 caelis
1096 4121 1135 4173 15.
1155 4106 1199 4160 AS
1217 4106 1302 4159 Cuius

181 4186 410 4239 Hconversionis
484 4188 628 4241 22.Rom.
646 4185 759 4240 civitatis
834 4200 875 4254 23.
889 4187 922 4240 Os
933 4186 1111 4239 conversione
1187 4201 1220 4250 24
1242 4197 1302 4257 post

182 4265 333 4335 modicum]
348 4266 398 4330 Os,
411 4266 446 4329 P,
457 4265 478 4319 R
490 4267 681 4336 postmodum·
699 4267 728 4319 M
741 4284 791 4321 om.
865 4281 906 4334 25·
920 4266 941 4319 R
955 4279 1082 4336 sequutus
1156 4264 1252 4334 26-27.
1268 4268 1303 4319 05

182 4364 229 4399 om.
248 4346 293 4416 qui
309 4346 491 4414 longo-iuste
564 4360 606 4414 27.
625 4345 655 4398 H
672 4363 721 4400 om.
740 4361 772 4399 ac
793 4347 835 4416 pie
909 4360 951 4416 29.
970 4346 991 4398 B
1008 4360 1117 4398 sanctae
1138 4357 1209 4397 cont.
1261 4348 1302 4399 Or

182 4440 289 4481 sanctae
308 4442 420 4497 quoque
474 4425 531 4491 As,
552 4426 582 4479 H
599 4426 757 4497 exemplum
