3142 4875
260 349 334 437 276
636 367 808 419 Lucerum
835 369 1002 420 secuuon

258 681 334 776 [Da
354 680 571 753 humilitate
594 680 715 777 z‘psz'm
737 682 791 752 ad
812 680 1034 777 Episcopum
1058 682 1376 753 Interamnemem

450 806 485 869 ct
510 797 564 868 ad
586 796 780 893 quemdam
809 795 1023 895 rusticum}
1082 795 1177 868 Clll.

344 1059 427 1127 141.
458 1035 702 1110 Praedicante
725 1034 840 1132 [ipso]
861 1033 1064 1132 aliquando
1092 1033 1233 1132 populo
1262 1036 1378 1108 lnter·

257 1143 436 1226 amnensi,
449 1144 718 1215 commendans
733 1168 819 1215 eum
835 1142 1046 1239 Episcopus
1061 1141 1229 1224 civitatis,
1249 1167 1377 1216 coram

258 1250 441 1333 omnibus,
463 1248 566 1322 finita
584 1247 873 1345 praedicatione,
895 1249 948 1321 sic
971 1248 1041 1321 ait:
1072 1248 1155 1321 Hac
1175 1248 1379 1321 novissima
1408 1290 1426 1353 5

258 1357 351 1431 hora
370 1356 564 1429 illustravit
582 1354 688 1428 Deus
707 1353 914 1429 Ecclesiam
934 1381 1038 1430 suam
1058 1353 1130 1428 isto
1149 1354 1378 1453 pauperculo

258 1480 296 1537 et
315 1465 506 1560 despect0,
528 1462 695 1559 simplice
721 1478 758 1535 et
787 1461 974 1536 illitterato
983 1489 990 1546 ;
1014 1478 1168 1560 propter
1195 1463 1297 1560 quod
1325 1481 1378 1536 te·

260 1595 391 1643 nemur
417 1569 621 1642 Dominum
642 1594 792 1665 semper
809 1566 972 1655 laudare,
994 1569 1156 1642 scientes
1180 1570 1280 1666 quod
1302 1595 1376 1643 non

259 1675 344 1751 secit
372 1676 495 1750 taliter
522 1675 623 1748 omni
657 1675 808 1749 nationi.
867 1675 1014 1770 Quibus
1049 1692 1200 1749 sanctus
1227 1677 1375 1760 auditis,

258 1783 351 1857 miro
383 1783 592 1880 acceptavit
626 1782 760 1856 affectu
796 1782 898 1880 quod
926 1783 1050 1856 verbis
1083 1799 1159 1856 tarn
1189 1784 1378 1880 expressis
1413 1821 1454 1868 10

259 1889 577 1988 contemptibilem
606 1889 726 1986 ipsum
756 1889 957 1964 iudicasset
977 1889 1199 1987 Episcopus.
1256 1891 1306 1963 Et
1327 1891 1378 1963 in-

258 1996 441 2071 trantibus
467 1996 673 2080 ecclesiam,
704 1996 865 2093 procidit
892 1996 940 2070 ad
968 1997 1086 2093 pedes
1114 1996 1292 2095 Episcopi
1322 1998 1379 2069 di-

259 2131 363 2178 cens:
381 2104 422 2176 In
438 2102 604 2185 veritate,
616 2103 767 2176 domine
782 2103 981 2201 Episcope,
1001 2128 1179 2202 magnum
1194 2103 1377 2177 honorem

261 2210 348 2283 mihi
377 2209 505 2294 fecisti,
528 2209 704 2307 quoniam
733 2236 831 2307 quae
858 2235 942 2283 mea
969 2225 1057 2282 sunt
1084 2210 1378 2307 a[u]serentlbus

259 2318 349 2402 aliis,
381 2335 420 2391 tu
449 2317 550 2390 solus
586 2317 712 2390 illaesa
746 2316 915 2395 servasti.
978 2316 1181 2413 Separasti,
1211 2317 1375 2415 inquam,
1415 2355 1451 2418 15

259 2426 464 2523 pretiosum
489 2451 512 2498 a
530 2423 602 2507 vili,
625 2423 721 2498 sicut
747 2423 930 2498 discretus
953 2424 1078 2510 h0m0,
1100 2425 1186 2499 Deo
1215 2423 1375 2510 laudem,

261 2532 348 2605 mihi
376 2531 555 2605 vilitatem
584 2532 789 2604 reddendo.

347 2662 428 2729 142.
462 2640 565 2734 [Non
594 2639 714 2711 solum
742 2656 869 2712 autem
898 2637 1075 2711 humilem
1103 2664 1145 2711 se
1173 2640 1379 2736 praebebat

261 2746 315 2818 vir
343 2745 416 2818 Dei
447 2744 657 2829 maioribus,
675 2746 743 2819 sed
763 2746 875 2820 etiam
905 2745 1056 2842 paribus
1075 2761 1113 2817 et
1141 2745 1297 2819 abiectis
1315 2771 1379 2842 pa·

260 2852 375 2926 ratior
404 2851 545 2925 moneri
574 2868 613 2925 et
641 2851 775 2950 corrigi
806 2878 918 2949 quam
945 2876 1108 2925 monere.
1154 2850 1263 2924 Unde
1293 2879 1379 2925 cum
1410 2889 1453 2936 20

260 2959 320 3032 die
348 2959 511 3057 quadam
539 2966 668 3032 vectus
696 2957 822 3043 asellO,
853 2959 940 3056 quia
968 2957 1100 3032 debilis
1137 2974 1176 3031 et
1212 2959 1379 3032 infirmus

261 3066 378 3164 pedes
407 3066 458 3139 ire
489 3091 562 3138 non
591 3083 748 3163 poterat,
774 3091 841 3162 per
868 3091 1002 3164 agrum
1032 3065 1224 3139 cuiusdam
1252 3065 1378 3139 rustici

261 3191 348 3246 tunc
369 3172 418 3246 ibi
438 3172 641 3246 laborantis
664 3173 847 3258 transiret,
871 3172 1030 3246 rusticus
1048 3171 1108 3245 ille
1127 3174 1176 3246 ad
1195 3199 1280 3246 eum
1301 3198 1380 3246 cur-

261 3305 347 3354 rens
377 3280 621 3376 interrogavit
648 3278 804 3353 sollicite
825 3305 872 3354 an
902 3280 981 3377 ipse
1010 3281 1106 3352 soret
1134 3280 1248 3353 frater
1266 3281 1379 3353 Fran-

262 3388 392 3460 ciscus.
451 3387 521 3459 Cui
551 3412 634 3459 cum
654 3386 710 3458 vir
727 3386 801 3459 Dei
817 3387 980 3483 seipsum
1004 3412 1087 3460 esse
1106 3385 1154 3460 de
1173 3412 1249 3484 quo
1268 3412 1380 3484 quae·
1411 3421 1449 3486 25

262 3495 366 3567 rebat
386 3493 572 3567 humiliter
585 3493 858 3590 respondisset:
880 3493 1009 3580 Stude,
1026 3493 1078 3567 ait
1096 3494 1265 3578 rusticus
1283 3494 1381 3566 adeo

261 3601 382 3673 bonus
410 3626 493 3673 esse
523 3616 562 3674 ut
589 3600 637 3673 ab
665 3599 838 3674 omnibus
866 3599 1010 3684 diceris,
1043 3599 1130 3697 quia
1158 3600 1261 3673 multi
1295 3626 1381 3673 con-

261 3707 379 3780 fidunt
408 3709 531 3780 dete.
590 3707 717 3800 Quare
737 3725 774 3780 te
796 3732 931 3780 moneo
961 3723 1001 3780 ut
1034 3733 1237 3804 numquam
1266 3707 1314 3780 de
1343 3723 1381 3779 te

261 3814 308 3887 sit
326 3815 433 3888 aliter
451 3841 563 3911 quam
583 3830 763 3912 speratur.
822 3812 890 3887 Vir
904 3831 1030 3887 autem
1057 3814 1130 3887 Dei
1159 3813 1381 3887 Franciscus

260 3923 352 3994 haec
380 3920 548 4007 audiens,
570 3923 618 3994 de
646 3920 752 3993 asino
772 3947 812 3994 se
833 3919 933 3994 misit
961 3921 997 3994 in
1026 3936 1174 4004 terram,
1197 3938 1235 3993 et
1254 3946 1380 3993 coram
1413 3954 1452 4020 30

261 4029 398 4102 rustico
417 4028 634 4127 provolutus
662 4028 899 4101 osculabatur
927 4028 1045 4126 pedes
1072 4028 1153 4101 eius
1181 4027 1378 4111 humiliter,

261 4135 402 4231 gratias
438 4161 557 4233 agens
586 4134 618 4208 ei
648 4136 749 4231 quod
789 4161 874 4208 eum
912 4134 1089 4234 dignatus
1124 4150 1182 4208 est
1214 4159 1378 4208 monere.

336 4346 402 4414 3.A
422 4363 471 4398 om.
491 4347 549 4416 ipso
631 4360 669 4411 ¹4·
689 4345 714 4398 A
733 4343 907 4399 afferentibus
987 4362 1027 4416 17.
1046 4345 1231 4400 Mutilitatem
1313 4340 1382 4397 18-6

263 4424 300 4492 (p.
319 4424 390 4492 275).
409 4424 434 4477 A
454 4443 503 4478 om.
522 4425 584 4478 Non
604 4425 900 4480 solum-meritorum.
