3142 4875
601 349 707 398 BEATI
735 349 755 397 1³
757 348 921 397 RANCISCl

326 641 521 741 [Qualiter
537 642 675 715 uolebat
691 667 846 738 mugnus
864 643 1010 714 clericos
1029 643 1210 713 vanienses

361 751 413 821 ud
442 749 622 822 Ordinem
650 748 925 848 exproprrnrz‘].
990 747 1160 821 CXLVI.

288 949 371 1017 194.
402 925 509 998 Dixit
543 924 745 1022 aliquando
781 951 961 1022 magnum
998 925 1172 998 clericum
1211 925 1324 998 etiam

158 1059 161 1062 ·
202 1032 380 1106 scientiae
395 1033 675 1129 quodammodo
695 1028 887 1129 resignare
906 1033 1056 1115 debere,
1075 1058 1158 1104 cum
1179 1031 1324 1104 veniret

156 1165 172 1231 5
202 1140 250 1211 ad
280 1140 472 1223 Ordinem,
497 1155 536 1211 ut
555 1139 618 1212 tali
639 1139 901 1237 expropriatus
925 1140 1163 1236 possessione
1183 1139 1323 1211 nudum

202 1270 244 1318 se
263 1245 412 1319 offerret
426 1244 587 1319 brachiis
603 1245 790 1319 Crucifixi.
848 1246 998 1330 Multos,
1017 1245 1145 1342 inquit,
1168 1245 1324 1319 scientia

202 1352 323 1425 reddit
344 1351 532 1436 indociles,
555 1351 717 1451 rigidum
732 1352 911 1449 quiddam
939 1379 1068 1426 eorum
1090 1352 1227 1425 inflecti
1248 1378 1322 1425 non

202 1458 328 1532 sinens
346 1459 546 1532 humilibus
561 1460 775 1556 disciplinis.
836 1460 1078 1557 Quapropter
1095 1460 1241 1543 vellem,
1258 1459 1319 1544 ait,

205 1583 243 1638 ut
270 1565 326 1639 vir
354 1566 536 1640 litteratus
572 1567 668 1639 hanc
707 1567 795 1638 mihi
824 1567 945 1663 primo
973 1592 1123 1662 precem
1152 1566 1320 1639 offerret:

135 1699 175 1747 10
203 1674 313 1757 Ecce,
346 1675 467 1756 frater,
499 1673 561 1746 diu
592 1672 627 1746 in
657 1672 808 1746 saeculo
836 1673 922 1759 vixi,
947 1698 1014 1745 nec
1043 1672 1168 1745 Deum
1198 1698 1321 1745 meum

116 1829 120 1836 -
203 1805 291 1852 vere
311 1779 482 1877 cognovi.
542 1781 621 1853 Oro
650 1780 837 1877 concedfi]
862 1780 950 1851 mihi
973 1779 1096 1852 locum
1120 1804 1142 1851 a
1166 1780 1321 1876 strepitu

204 1886 330 1959 mundi
360 1903 556 1970 semotum,
589 1912 663 1982 quo
693 1888 900 1984 recogitem
929 1911 1048 1959 annos
1077 1912 1182 1973 meos
1202 1886 1238 1958 in
1259 1887 1323 1958 do·

201 1996 291 2076 lore,
324 2019 447 2089 quove
475 1994 727 2085 dispersiones
756 1993 879 2065 cordis
899 1992 970 2065 mei
991 1991 1224 2089 recolligens,
1247 1994 1323 2064 ani-

204 2126 304 2173 mum
333 2102 381 2173 ad
410 2100 563 2173 meliora
596 2100 806 2172 reformem.
865 2099 1036 2193 Qualem,
1068 2098 1127 2183 ait,
1160 2101 1323 2171 futurum

135 2233 174 2299 15
203 2206 415 2290 crederetis
447 2207 510 2303 qui
539 2207 592 2278 sic
621 2204 826 2301 inciperet?
883 2206 1053 2278 Profecto
1087 2206 1145 2278 leo
1173 2221 1324 2278 excate-

204 2329 313 2387 natus
341 2315 388 2386 ad
422 2313 547 2385 omnia
575 2313 750 2385 robustus
784 2312 913 2394 exiret,
950 2328 988 2385 et
1015 2313 1148 2385 beatus
1177 2337 1319 2396 succus,

203 2447 315 2518 quem
337 2421 521 2495 hausisset
540 2419 654 2505 initio,
677 2420 863 2493 continuis
884 2422 919 2491 in
940 2446 985 2493 eo
1001 2417 1228 2518 profectibus
1248 2445 1323 2493 cre·

203 2546 334 2602 sceret.
402 2527 473 2600 Hic
502 2529 654 2600 tandem
681 2553 772 2600 vero
810 2527 1014 2600 ministerio
1042 2526 1144 2599 verbi
1174 2528 1325 2600 daretur

204 2652 337 2717 certus,
369 2634 456 2730 quia
485 2635 574 2707 illud
593 2660 669 2731 quo
696 2634 845 2708 bulliret
864 2634 1083 2708 effunderet.
1142 2634 1243 2706 Vere
1261 2635 1324 2731 pia

132 2767 175 2817 20
203 2741 389 2814 doctrina!
448 2741 549 2836 Quid
578 2741 677 2814 enim
706 2758 782 2814 tam
813 2740 1064 2814 necessarium
1085 2740 1256 2814 redeunti
1276 2743 1324 2814 de

203 2849 360 2946 regione
380 2847 697 2931 dissimilitudinis,
720 2873 833 2945 quam
853 2849 969 2946 longo
988 2842 1159 2942 tempore
1175 2846 1324 2921 molitos

203 2972 318 3051 atque
338 2954 540 3052 impressos
559 2954 770 3028 saeculares
786 2954 941 3028 affectus
961 2953 1162 3027 humilibus
1181 2954 1325 3028 exerci-

204 3062 264 3134 tiis
284 3061 513 3157 eli[mi]nare
528 3078 642 3157 atque
657 3061 883 3158 detergere?
939 3062 1026 3135 Cito
1041 3060 1078 3134 in
1098 3063 1226 3135 schola
1246 3087 1326 3159 per-

205 3168 376 3241 fectionis
403 3168 672 3265 perfectionem
701 3167 915 3265 attingeret,
947 3167 1115 3265 quis'quis
1144 3168 1322 3241 introiret⁴

136 3515 177 3582 25
210 3468 404 3567 [Qualiter
413 3468 552 3542 uolebat
564 3493 619 3540 tos
637 3469 824 3552 adducere
842 3478 877 3540 et
888 3468 1055 3565 qualiter
1071 3470 1163 3541 suct'u
1173 3470 1326 3564 praedi·

302 3584 507 3658 rationibus
537 3585 745 3656 intendenti
769 3584 978 3682 apparuit}
1038 3584 1225 3656 CXLVll.

292 3784 376 3854 195.
405 3761 570 3835 Dolebat
599 3761 639 3846 si,
670 3761 807 3834 virtute
829 3759 1009 3858 neglecta,
1041 3758 1197 3832 scientia
1215 3784 1327 3855 quae·

206 3888 360 3954 reretur,
390 3867 609 3966 praesertim
638 3867 668 3941 si
698 3894 771 3940 non
802 3868 839 3939 in
868 3893 913 3939 ea
940 3865 1138 3939 vocatione
1167 3865 1325 3961 quisque

204 3977 431 4074 persisteret,
455 3977 491 4048 in
512 4001 586 4072 qua
612 3993 768 4049 vocatus
797 4000 819 4046 a
847 3972 1030 4070 principio
1060 3971 1178 4045 fuerit.
1237 3973 1327 4046 Fra·

276 4152 490 4224 7.unoddam
566 4151 779 4204 11.Aconcede
857 4146 1173 4218 16.succus]Rfructus
1251 4148 1326 4216 17.A

204 4235 321 4287 auxisset
398 4232 438 4285 18.
458 4231 538 4302 vero]
561 4231 590 4284 Μ
607 4231 630 4283 si
707 4246 745 4301 19·
768 4230 797 4282 ll
817 4240 920 4281 certum
997 4244 1091 4298 19-24,
1111 4229 1140 4280 M
1159 4244 1207 4280 on.
1228 4226 1327 4280 Vere-

205 4314 325 4367 introiret
399 4313 476 4366 mu
497 4311 617 4365 mollitos
690 4312 769 4379 ΖΜ
791 4308 892 4362 clinare
965 4307 1164 4373 24.lrtcod.A
1184 4309 1327 4362 estfactum

205 4396 270 4449 inter
288 4392 410 4466 quisquis
423 4421 436 4431 -
450 4390 572 4444 introiret
