3142 4875
597 388 702 436 nux'n
732 388 917 437 rnaucmcr
1244 386 1314 458 255

197 495 463 500 --—--—--
807 500 836 504 -.
848 499 1316 507 -ῃ-...ο--η---κ-.-.ῌ

196 617 366 689 Proiecta
404 636 460 690 est
495 637 620 691 autern
650 618 684 691 in
720 619 816 691 vallo
848 623 1072 704 monasterii,
1110 623 1171 695 ubi
1201 623 1317 721 longo

196 743 364 820 tempore
400 724 536 808 iacens,
569 726 604 797 in
635 727 786 798 modurn
817 728 967 800 tabulae
1001 728 1196 814 desiccata,
1230 730 1316 802 nulli

196 831 262 902 fnit
290 857 377 903 esca
407 832 586 904 famelico.

330 1197 508 1269 Contra
537 1197 899 1272 familiaritates
929 1200 1179 1273 mulierum.

149 1411 166 1475 5
232 1387 307 1480 [De
316 1386 510 1481 fugienda·
524 1387 804 1482 familiaritate
828 1387 1042 1469 multarum,
1063 1398 1097 1459 et
1118 1387 1284 1483 qualiter

416 1527 498 1572 cnm
518 1503 570 1573 eis
590 1502 832 1599 loquebatur}
891 1502 1099 1574 LXXVlll.

255 1738 337 1785 112.
370 1713 512 1787 Mellita
532 1716 678 1798 tossica,
703 1714 971 1787 familiaritates
988 1715 1162 1787 videlicet
1192 1716 1316 1788 mulie-

196 1847 286 1903 rum,
309 1846 406 1917 quae
436 1822 472 1892 in
492 1846 655 1893 errorem
687 1820 866 1893 inducunt
893 1821 1005 1893 etiam
1026 1821 1125 1893 viros
1154 1840 1312 1907 sanctos

196 1928 347 2000 iubebat
375 1928 524 2024 penitus
552 1927 692 2001 evitari.
752 1928 928 2000 Timebat
957 1927 1055 2000 enim
1085 1954 1132 2000 ex
1166 1929 1236 2001 hoc
1265 1945 1316 2001 te-

129 2054 167 2099 10
197 2061 326 2107 nerum
356 2035 430 2107 cito
468 2034 599 2132 frangi,
635 2054 673 2106 et
702 2035 835 2107 fortem
875 2060 988 2130 saepe
1017 2034 1184 2130 spiritum
1220 2036 1315 2108 infir-

197 2142 298 2214 mari.
366 2142 509 2213 Harum
539 2141 804 2239 contagionem
833 2142 994 2213 evadere
1031 2159 1316 2215 conversantem

197 2275 280 2321 cum
309 2249 373 2330 eis,
398 2249 465 2320 nisi
494 2249 798 2344 probatissimum
827 2248 958 2332 virum,
984 2265 1059 2321 tam
1088 2248 1194 2322 facile
1223 2248 1317 2321 dixit

196 2381 318 2452 quam,
342 2355 445 2428 iuxta
473 2357 704 2453 scripturam,
729 2356 764 2426 in
795 2355 883 2454 igne
909 2355 1099 2428 ambulare
1121 2381 1189 2428 nec
1219 2380 1316 2428 com-

197 2464 329 2536 burere
345 2464 501 2559 plantas.
562 2463 611 2536 Ut
626 2482 751 2536 autem
769 2462 983 2559 loqueretur
998 2489 1120 2549 manu,
1139 2489 1179 2535 se
1195 2463 1315 2559 ipsum

130 2589 166 2653 15
197 2571 387 2666 exemplar
402 2571 523 2642 omnis
544 2572 749 2667 praebebat
763 2571 920 2643 virtutis.
970 2569 1163 2665 Siquidem
1179 2571 1316 2643 femina
1413 2616 1415 2621 ,

198 2703 314 2773 usque
342 2680 439 2749 adeo
460 2676 617 2750 molesta
637 2694 726 2759 erat,
750 2694 884 2749 utnon
906 2677 1087 2750 cautelam
1108 2677 1166 2750 vel
1188 2703 1316 2750 exem-

196 2783 296 2881 plum
309 2786 491 2868 crederes
505 2784 572 2856 sed
582 2784 817 2857 formidinem
828 2784 888 2856 vel
903 2785 1106 2856 horrorem.
1152 2785 1315 2878 Quando

197 2916 322 2964 earum
344 2890 555 2986 importuna
576 2892 781 2986 loquacitas
797 2892 956 2964 faciebat
976 2891 1011 2963 in
1027 2891 1216 2987 loquendo
1231 2917 1315 2964 con-

197 2997 334 3071 flictum
354 2999 470 3070 verbo
489 2999 708 3070 abbreviato
727 3013 765 3070 et
784 2998 923 3081 humili,
947 2997 1049 3070 vultu
1072 2998 1230 3084 deiect0,
1252 2999 1315 3070 ad·

128 3121 168 3167 20
196 3107 354 3178 vocabat
369 3105 566 3177 silentium.
625 3106 905 3201 Nonnunquam
926 3131 1015 3177 vero
1031 3103 1136 3178 caelo
1152 3105 1315 3178 intentus

195 3211 404 3293 luminibus,
441 3211 528 3284 inde
556 3212 753 3284 extrahere
782 3212 979 3284 videbatur
1007 3212 1106 3308 quod
1136 3214 1183 3284 de
1217 3229 1315 3285 terra

196 3318 475 3392 mussitantibus
505 3319 767 3415 respondebat.
827 3318 941 3414 E[a]s
965 3344 1065 3400 vero,
1091 3319 1126 3390 in
1157 3344 1313 3414 quarum

196 3427 381 3498 mentibus
400 3426 564 3524 sacra[e]
587 3425 798 3498 devotionis
820 3426 994 3498 instantia
1013 3425 1240 3498 domicilium
1261 3451 1315 3498 sa·

194 3532 356 3629 pientiae
385 3533 593 3615 collocarat,
631 3532 731 3604 miris
764 3533 859 3631 [sed]
892 3532 1067 3605 brevibus
1100 3532 1316 3605 instituebat

127 3658 165 3724 25
194 3640 439 3718 sermonibus.
496 3641 660 3734 Quando
694 3666 777 3711 cum
817 3639 953 3712 femina
991 3640 1222 3735 loquebatur,
1258 3665 1314 3711 so-

196 3771 295 3827 nora,
319 3764 358 3818 ut
377 3747 424 3818 ab
444 3747 617 3819 omnibus
637 3764 764 3843 posset
790 3745 919 3833 audiri,
941 3771 1034 3818 voce
1055 3745 1213 3817 dicenda
1233 3770 1315 3841 pro·

195 3854 330 3925 mebat.
388 3854 494 3925 Dixit
511 3844 638 3926 autem
663 3854 766 3926 socio
790 3855 925 3926 semel:
949 3855 1087 3926 Fateor
1106 3854 1311 3937 veritatem,

194 3960 392 4043 carissime,
420 3960 556 4033 nullam
587 3986 645 4033 me
675 3960 704 4033 si
733 3960 940 4057 aspicerem
970 3956 1248 4056 recogniturum
1278 3959 1313 4031 in

195 4065 296 4151 facie,
329 4067 397 4139 nisi
423 4069 528 4141 duas.
587 4066 695 4151 Illius,
725 4066 852 4163 inquit,
884 4081 922 4139 et
950 4064 1044 4138 illius
1075 4066 1163 4139 mihi
1193 4067 1315 4138 vultus

262 4298 288 4347 4.
309 4282 339 4334 M
355 4298 404 4333 om.
496 4295 520 4347 7.
541 4281 562 4333 L
582 4280 699 4333 Mellitas
719 4294 745 4332 et
764 4282 905 4332 tossicatas
925 4277 988 4331 farn.
1080 4280 1104 4331 8.
1125 4279 1157 4331 M
1173 4278 1253 4331 etiam
1274 4295 1315 4329 sa-

194 4360 294 4430 pientes
315 4372 341 4414 et
359 4364 431 4414 viros
513 4377 552 4415 10.
573 4360 604 4412 M
623 4360 690 4412 forte
771 4376 812 4413 ιι.
832 4359 865 4410 Μ
883 4370 1062 4412 conversante
1142 4357 1313 4427 15.fenrina]

195 4441 336 4495 Rsarcina
410 4457 451 4493 22.
472 4443 496 4495 A
516 4442 562 4494 Eis
642 4455 682 4507 23.
702 4442 727 4492 A
748 4456 824 4493 sacra
905 4455 945 4505 24·
967 4439 1042 4493 miris
1061 4439 1119 4508 scd]
1141 4440 1165 4491 Α
1187 4439 1314 4509 mirisque
