3142 4875
570 325 774 375 LXXII
1414 323 1969 374 PROLEGOMENA

703 542 1154 609 Correctiones
1189 564 1224 607 a
1259 543 1328 607 P.
1365 540 1618 610 Rinaldi
1650 541 2006 629 propositas
2047 542 2112 608 in
2140 541 2427 609 editione
2460 543 2596 629 Leg.
2626 564 2661 630 3
2694 564 2810 609 soc.

560 667 728 715 certe
781 672 913 714 non
965 650 1294 737 cognovit,
1322 668 1385 714 et
1431 646 1624 713 verba
1670 646 1903 729 addita,
1943 669 2106 735 quae
2145 650 2388 735 primus
2423 647 2632 715 editor
2661 648 2813 714 cha-

558 772 796 820 ractere
830 754 1044 821 italico
1079 772 1142 820 et
1180 753 1415 819 ansulis
1454 753 1818 831 incluserat,
1858 752 2085 819 talibus
2124 753 2323 842 signis
2358 775 2490 819 non
2524 753 2810 833 retentiS,

555 861 619 926 in
669 879 921 927 textum
973 861 1260 938 adduxit,
1287 860 1466 948 quasi
1512 859 1725 925 forent
1772 859 2153 925 authentica.
2253 860 2487 926 Lector
2524 882 2660 927 non
2697 860 2808 925 ad-

561 967 847 1033 monitus
895 967 1150 1055 ignorat
1196 984 1259 1032 et
1307 965 1660 1033 editionem
1711 965 2200 1032 antecedentem
2240 983 2304 1031 et
2336 966 2529 1032 etiam
2564 967 2807 1033 codicis

554 1073 927 1140 Assisiensis
979 1073 1438 1153 exsistentiam,
1486 1095 1681 1160 quem
1730 1090 1905 1138 certo
1946 1072 2173 1138 certius
2207 1073 2340 1161 ipse
2374 1071 2580 1139 editor
2612 1096 2804 1139 num-

556 1203 750 1268 quam
804 1180 1099 1267 inspexit.

695 1287 877 1353 Licet
924 1287 1106 1353 omni
1156 1287 1362 1352 critica
1426 1285 1764 1352 destitutae
1814 1284 2130 1352 Canonici
2194 1286 2435 1351 Amoni
2483 1284 2802 1353 editiones

562 1394 884 1460 maximae
920 1393 1175 1461 fuerunt
1210 1393 1512 1473 utilitatiS,
1543 1394 1691 1479 quia
1726 1414 1886 1480 opus
1916 1392 2221 1459 Thomae
2245 1392 2322 1457 de
2350 1393 2597 1460 Celano
2622 1395 2799 1460 evul-

553 1519 802 1587 garunt,
853 1519 914 1567 et
975 1502 1026 1567 si
1077 1499 1418 1565 methodus
1490 1522 1625 1564 non
1674 1497 2192 1564 commendanda
2261 1498 2478 1565 laudes
2550 1500 2794 1587 amplas

551 1627 828 1673 meretur
873 1607 973 1674 ille
1019 1608 1160 1693 pius
1209 1594 1325 1683 vir,
1367 1606 1473 1693 qui
1509 1604 1859 1671 devotione
1893 1628 2040 1692 erga
2074 1604 2385 1672 Sanctum
2425 1608 2559 1673 eius
2594 1606 2794 1673 histo·

544 1714 670 1779 riae
718 1711 929 1780 fontes
978 1711 1280 1779 omnibus
1330 1711 1534 1778 voluit
1583 1712 1836 1799 pervios
1870 1710 1959 1777 (¹).

682 1820 853 1887 Cum
901 1840 1118 1887 tamen
1166 1819 1482 1887 editiones
1531 1819 1774 1885 Amoni
1824 1817 2152 1884 habendae
2192 1819 2318 1884 sint
2357 1842 2472 1906 pro
2510 1821 2790 1907 simplici

546 1928 877 1994 iteratione
926 1927 1223 1993 editionis
1288 1926 1563 2005 Rinaldi,
1617 1926 1927 1992 variantes
1975 1948 2132 2013 quas
2199 1926 2504 2013 praebent
2558 1925 2790 1995 referre

545 2035 754 2115 omisi,
804 2054 955 2100 sunt
1020 2035 1193 2099 enim
1246 2033 1343 2098 vel
1404 2055 1648 2099 errores
1719 2033 2162 2121 typographici
2227 2032 2329 2099 vel
2376 2034 2788 2102 inventiones

546 2140 773 2227 optimi
849 2139 1188 2220 Canonici,
1256 2139 1368 2205 sed
1439 2140 1622 2205 omni
1672 2139 2153 2205 authenticitate
2218 2138 2575 2207 destitutae.
2710 2143 2785 2207 In

545 2247 789 2313 tabellis
849 2271 1012 2335 quae
1060 2266 1415 2334 sequuntur
1461 2246 1620 2312 haec
1669 2246 2141 2334 Prolegomena
2191 2245 2651 2314 concordantia
2682 2271 2782 2315 ca-

543 2354 890 2441 pitulorum
943 2356 1098 2441 Leg.
1144 2355 1204 2421 II
1246 2353 1445 2436 datur,
1497 2355 1648 2443 quia
1694 2376 1881 2443 saepe
1928 2355 2177 2442 saepius
2227 2355 2411 2421 citata
2460 2352 2577 2421 fuit
2625 2355 2785 2422 haec

546 2460 849 2550 Legenda
897 2463 1072 2527 iuxta
1120 2460 1505 2528 divisionem
1555 2459 1879 2527 arbitrario
1927 2458 2182 2539 factam,
2233 2480 2306 2527 ut
2352 2462 2477 2527 iam
2528 2465 2780 2530 monui.

677 2566 789 2634 IV.
812 2609 899 2618 —
927 2569 993 2634 Si
1020 2568 1098 2635 de
1133 2568 1384 2633 mendis
1412 2567 1885 2655 typographicis
1918 2590 2082 2655 quae
2115 2567 2429 2635 editiones
2462 2569 2780 2636 Canonici

539 2677 781 2742 Amoni
841 2675 1176 2763 deturpant
1242 2675 1508 2741 verbum
1576 2673 1715 2754 feci,
1765 2674 1919 2762 quid
1966 2674 2170 2741 dicam
2238 2674 2318 2742 de
2370 2676 2490 2743 illis
2553 2676 2782 2764 quibus

538 2799 735 2848 scatet
760 2803 930 2847 nova
955 2781 1171 2862 editi0,
1208 2803 1380 2846 anno
1421 2781 1713 2866 proxime
1751 2781 1952 2867 laps0‚
1996 2781 2139 2849 data
2172 2782 2236 2847 in
2277 2782 2566 2870 Anglia?
2657 2784 2782 2851 Ca-

536 2890 810 2957 nonicus
859 2892 1192 2959 Romanus
1257 2892 1539 2957 excusari
1592 2910 1823 2978 potest,
1870 2891 1978 2978 qui
2041 2890 2392 2957 editionem
2442 2891 2778 2978 vulgarem

537 2997 768 3062 minori
799 2997 999 3083 pretio
1031 2995 1335 3073 tradebat,
1365 3018 1499 3062 non
1526 2995 1611 3062 ita
1646 3018 1799 3062 vero
1834 2997 2059 3062 Pastor
2098 2996 2497 3082 Anglicanus
2530 2998 2587 3066 R
2609 3019 2695 3064 os
2716 3021 2779 3063 e·

537 3101 760 3184 dale,
808 3104 917 3191 qui
964 3105 1247 3170 criticam
1300 3101 1550 3169 affectat
1584 3120 1647 3169 et
1680 3103 1809 3169 alto
1857 3102 2061 3189 pretio
2111 3125 2274 3190 opus
2312 3126 2504 3169 suum
2533 3103 2776 3171 vendit.

534 3209 672 3276 Tot
719 3228 784 3277 et
831 3211 988 3276 tanti
1036 3230 1184 3276 sunt
1236 3208 1606 3276 huiusmodi
1655 3231 1895 3275 errores
1942 3207 2116 3296 quod
2166 3208 2409 3275 diceres
2458 3211 2774 3277 editorem

533 3316 798 3383 illudere
849 3318 1128 3385 voluisse
1175 3317 1421 3384 lectori!
1458 3318 1526 3369 (²)

670 3424 968 3492 Titulum
1016 3423 1252 3514 profert
1301 3425 1455 3491 haec
1503 3425 1726 3491 editio:
1792 3424 1850 3491 δ’
1904 3423 2156 3489 Francis
2215 3423 2286 3515 of
2330 3425 2521 3490 Assisi
2572 3446 2772 3490 accor-

530 3531 674 3618 ding
716 3546 770 3598 to
811 3533 1064 3598 Brother
1111 3532 1372 3598 Thomas
1412 3533 1483 3622 of
1524 3532 1770 3599 Celano.
1864 3530 1984 3596 His
2030 3529 2406 3617 descriptions
2453 3531 2524 3619 os
2548 3532 2640 3596 the
2673 3531 2772 3597 Se-

532 3640 741 3726 raphic
779 3639 1023 3706 Fathcr.
1120 3643 1198 3706 A.
1227 3640 1311 3705 D.
1341 3661 1712 3725 1229—1257.
1814 3639 1978 3703 With
2012 3660 2051 3703 a
2086 3636 2338 3704 Critical
2369 3638 2773 3705 Introduction

674 3874 755 3941 (ι)
796 3872 972 3925 Edidit
1019 3873 1182 3925 etiam
1222 3872 1537 3940 Legendam
1585 3888 1608 3941 3
1653 3870 1945 3923 Sociorum
2003 3881 2056 3922 et
2111 3870 2283 3922 sancti
2343 3869 2773 3923 Bonaventurae.

595 3982 606 4013 ι
651 4003 663 4017 .
850 4003 860 4014 .

532 3963 588 4015 Ib
614 3964 642 4015 d
673 3964 916 4121 (2¹)8880int
956 4053 1007 4103 in
1049 4050 1371 4121 exemplum.
1448 4049 1703 4119 Legenda
1748 4049 2015 4118 Gregorii,
2056 4065 2103 4117 p.
2145 4047 2238 4119 69:
2271 4048 2323 4100 in
2361 4046 2530 4102 tribus
2569 4047 2770 4102 ultimis

529 4142 709 4195 lineis:
748 4162 774 4189 «
802 4141 1031 4211 Explicit
1057 4143 1173 4193 unis
1198 4157 1352 4211 opuS.
1429 4139 1661 4209 Explicit
1689 4139 1820 4192 liber
1846 4140 2071 4210 primum
2094 4138 2254 4190 huius
2277 4154 2445 4207 opens
2472 4158 2516 4191 ιο.
2538 4167 2569 4176 -
2592 4155 2643 4207 p.
2683 4154 2767 4206 70,

528 4245 657 4283 nota
704 4247 793 4284 1o:
838 4231 1090 4300 «Iuciput
1116 4230 1249 4281 liber
1276 4230 1542 4282 secundus
1571 4229 1850 4300 quomodo
1891 4229 1956 4281 de
1994 4229 2100 4280 hoc
2139 4235 2305 4281 sancto
2346 4228 2476 4295 (leg.
2517 4228 2767 4291 saeculo)

528 4320 812 4372 transierit.
837 4339 863 4368 »
888 4350 919 4359 -
946 4338 996 4390 p.
1023 4335 1109 4389 95,
1140 4318 1273 4370 titul.
1320 4338 1346 4367 α
1369 4319 1560 4388 Incipit
1583 4359 1595 4371 .
1619 4358 1631 4372 .
1654 4359 1666 4371 .
1699 4325 1740 4370 te
1772 4318 1875 4386 (et)
1908 4317 1974 4369 de
2007 4316 2287 4369 miraculis
2311 4337 2337 4365 »
2362 4346 2393 4355 -
2418 4333 2468 4386 p.
2496 4330 2610 4380 101,
2651 4337 2680 4366 «
2703 4317 2767 4370 de

527 4408 808 4459 contractis
846 4408 1040 4460 sanctis
1078 4406 1400 4474 (sanatis)».
1475 4406 1610 4470 Etc.‚
1649 4417 1751 4458 etc.
