3142 4875
647 361 753 409 nnxrr
780 358 968 410 rxxucrscr
1292 355 1365 426 293
1393 339 1397 348 ⁷
1519 405 1570 448 ‚

245 591 359 663 habet
388 590 481 665 filios
500 591 753 675 infirmabitur,
777 591 866 688 quia
892 590 1136 688 praedicator,
1159 590 1222 685 qui
1244 587 1368 662 multis

244 698 346 770 velut
364 724 431 771 sua
449 700 585 771 virtute
606 697 744 796 genitis
767 698 920 795 gaudet,
944 712 1149 795 cognoscet
1168 711 1256 768 tunc
1278 693 1367 767 nihil
1453 753 1455 756 ψ
1477 693 1571 804 ispi*

243 803 414 904 propri[i]
443 804 618 878 habuisse
642 804 763 878 ineis.
824 804 909 877 illos
937 820 1074 888 autem,
1098 802 1160 899 qui
1181 828 1222 876 se
1242 802 1364 900 magis

244 912 413 984 rhetores
442 938 554 1008 quam
576 912 855 1009 praedicatores
875 911 1016 983 laudari
1037 911 1201 1008 cupiunt,
1232 927 1365 982 ornatu
1415 995 1417 1000 s

195 1050 211 1114 5
244 1042 319 1090 non
354 1019 487 1092 affectu
526 1019 732 1116 loquentes,
774 1044 848 1090 non
880 1017 1034 1090 multum
1067 1017 1227 1090 amabat.
1287 1016 1365 1089 Eos

243 1150 333 1197 vero
356 1125 505 1199 dicebat
524 1126 619 1199 male
649 1126 826 1207 dividere,
859 1125 921 1221 qui
942 1122 1210 1221 praedicationi
1230 1139 1362 1209 totum,
1461 1123 1497 1134 ’

243 1231 433 1305 devotioni
462 1234 551 1305 nihil
581 1232 812 1331 impendunt.
877 1231 1075 1305 Laudabat
1102 1255 1233 1303 revera
1261 1255 1365 1328 prae-

243 1338 459 1423 dicatorem,
491 1341 558 1413 sed
588 1365 674 1414 eum
709 1339 772 1436 qui
805 1364 874 1436 pro
903 1354 1074 1436 tempore
1103 1337 1172 1410 sibi
1201 1351 1361 1434 saperet,
1451 1409 1452 1412 ,

243 1444 389 1542 sibique
416 1461 596 1543 gustaret.

176 1758 215 1805 10
243 1720 333 1835 [De
368 1728 786 1827 contemplatione
830 1722 1114 1836 Creatoris].
1184 1728 1361 1808 CXXIV.
1427 1813 1432 1830 ἶ

327 1930 410 2016 165.
454 1924 639 1996 Mundum
681 1924 785 2021 quasi
835 1923 1149 2021 peregrinationis
1190 1925 1360 1998 exsilium

242 2032 346 2104 exire
374 2031 564 2115 festinans,
595 2029 791 2104 iurabatur
819 2031 906 2105 felix
936 2032 1005 2103 iste
1033 2032 1153 2105 viator
1172 2031 1242 2104 hiis
1267 2058 1362 2128 quae

243 2138 278 2210 in
308 2140 449 2211 mundo
478 2154 564 2210 sunt
593 2163 668 2211 non
697 2138 886 2210 modicum
916 2138 1078 2234 quidem.
1136 2139 1284 2235 Nempe
1313 2141 1361 2212 ad

242 2245 429 2342 principes
458 2246 697 2318 tenebrarum
734 2245 909 2318 utebatur
941 2270 988 2318 eo
1016 2260 1057 2316 ut
1085 2270 1219 2341 campo
1247 2265 1362 2318 certa-

176 2383 211 2448 15
242 2352 360 2433 minis,
383 2353 431 2425 ad
451 2352 577 2425 Deum
600 2377 689 2424 vero
709 2368 748 2424 ut
768 2352 972 2425 clarissimo
1000 2350 1152 2449 speculo
1172 2352 1358 2424 bonitatis.

242 2460 281 2531 In
310 2459 465 2532 artificio
495 2458 662 2556 quolibet
690 2461 930 2532 commendat
958 2459 1149 2543 artificem,
1180 2460 1361 2557 quidquid

243 2567 278 2639 in
308 2566 414 2641 lactis
451 2567 589 2662 reperit
616 2567 756 2665 regerit
784 2567 820 2638 in
859 2568 1048 2640 factorem.
1115 2566 1288 2641 Exsultat
1324 2568 1359 2641 in

242 2674 383 2746 cunctis
403 2673 579 2769 operibus
599 2700 776 2746 manuum
796 2673 961 2755 Domini,
984 2689 1022 2745 et
1037 2698 1104 2769 per
1123 2673 1361 2748 iucunditatis

241 2780 453 2878 spectacula
491 2780 673 2854 vivificam
712 2782 875 2853 intuetur
911 2779 1093 2853 rationem
1122 2797 1161 2853 et
1195 2807 1357 2855 causam.

172 2916 214 2963 20
242 2887 449 2985 Cognoscit
477 2888 512 2959 in
542 2888 706 2983 pulchris
752 2887 1071 2984 pulcherrimum;
1111 2904 1245 2962 cuncta
1291 2890 1359 2962 sibi

240 2994 348 3077 bona,
381 2994 442 3089 qui
473 3019 541 3067 nos
570 2993 656 3067 lecit
685 3012 741 3067 est
770 2992 944 3092 optimus,
977 2993 1149 3072 clamant.
1206 2997 1277 3068 Per
1297 2996 1359 3067 im·
1410 3082 1411 3085 Ἴ

240 3126 367 3197 pressa
402 3101 513 3173 rebus
549 3101 709 3197 vestigia
751 3102 957 3197 insequitur
994 3101 1132 3198 ubique
1171 3103 1357 3186 dilectum,

241 3207 326 3282 lacit
358 3206 455 3307 [sibi]
491 3208 539 3280 de
568 3209 740 3280 omnibus
768 3210 919 3292 scalam,
949 3233 1026 3304 qua
1054 3209 1292 3306 perveniatur
1312 3210 1359 3281 ad

239 3315 382 3388 solium.
450 3314 642 3387 inauditae
679 3314 889 3387 devotionis
927 3315 1062 3388 affectu
1101 3316 1360 3412 complectitur

171 3449 209 3515 25
240 3422 373 3505 omnia,
397 3420 590 3517 alloquens
618 3446 663 3493 ea
691 3422 739 3494 de
768 3422 945 3505 Domin0,
977 3440 1015 3495 et
1043 3422 1080 3495 in
1111 3422 1257 3495 laudern
1279 3424 1359 3496 eius

238 3528 452 3601 adhortans.
511 3527 632 3600 Parcit
660 3528 830 3613 lucernis
854 3530 1087 3625 lampadibus
1117 3545 1154 3601 et
1182 3531 1355 3614 candelis

241 3634 370 3708 nolens
390 3661 456 3707 sua
477 3660 588 3708 manu
608 3634 807 3708 deturbare
828 3635 1023 3733 fulgorem,
1046 3634 1108 3732 qui
1129 3654 1240 3708 nutus
1260 3658 1359 3709 esset

239 3741 329 3814 lucis
363 3759 550 3815 aeternae.
617 3741 738 3839 Super
774 3760 900 3839 petras
937 3744 1103 3816 ambulat
1131 3761 1356 3828 reverenter,

238 3848 317 3920 eius
346 3848 479 3921 intuitu
509 3849 570 3945 qui
598 3849 733 3921 dicitur
760 3865 877 3945 petra.
938 3851 1033 3922 Cum
1054 3875 1149 3944 opus
1178 3868 1278 3921 esset
1298 3852 1359 3924 illo

170 3983 210 4049 30
237 3956 439 4028 versiculo:
472 3957 510 4027 In
540 3972 646 4052 petra
674 3958 846 4029 exaltasti
877 3982 955 4038 me;
979 3973 1018 4028 ut
1047 3956 1279 4028 reverentius
1298 3958 1359 4030 ali-

237 4061 326 4157 quid
368 4063 519 4147 diceret,
564 4063 696 4135 subtus
738 4063 864 4160 pedes
911 4064 1040 4159 inquit,
1085 4061 1255 4136 exaltasti
1286 4092 1356 4138 me.

310 4270 333 4322 3.
344 4254 368 4306 A
380 4254 517 4322 proprium
593 4269 632 4307 10.
643 4254 667 4305 A
679 4271 728 4307 om.
740 4255 849 4307 titulum.
926 4270 965 4307 12.
977 4254 1056 4307 Rom.
1068 4253 1129 4307 selix
1204 4270 1298 4308 21-22.
1309 4258 1359 4308 im·

239 4334 338 4403 pressa]
356 4335 384 4385 ,tl
400 4332 488 4386 infusa
562 4348 603 4402 23.
619 4333 643 4385 A
661 4351 710 4386 om.
726 4334 773 4387 sibi
849 4349 942 4404 30-31.
959 4334 1071 4406 aliquid]
1085 4335 1106 4390 R
1121 4334 1198 4388 illurn
1273 4352 1313 4405 31.
1331 4339 1364 4389 Μ

239 4411 333 4484 inquit,
352 4426 442 4482 petrae
462 4429 501 4465 ex.
