3142 4875
587 369 694 418 sensi
721 368 907 420 FRANCISQ
1231 365 1305 439 277

190 601 286 674 Cum
307 600 421 699 igitur
443 601 565 674 famae
583 616 660 673 tam
681 598 837 673 celebris
856 617 965 686 esset,
985 602 1085 700 quod
1105 603 1208 676 velut
1227 628 1307 676 san-

189 723 270 780 ctus
298 733 318 780 a
348 706 516 805 plurimis
544 707 761 792 habebatur,
793 707 903 781 vilem
932 734 973 781 se
1002 734 1126 783 coram
1155 708 1241 783 Deo
1269 726 1307 783 et

187 814 401 887 hominibus
438 814 646 910 reputabat,
679 839 747 887 nec
776 815 825 889 de
854 815 991 889 celebri
1021 816 1128 901 fama,
1162 841 1230 889 nec
1258 817 1307 890 de

187 921 384 994 sanctitate
404 946 479 1017 qua
496 920 661 1017 pollebat
687 921 916 1018 superbiens,
939 923 1007 995 sed
1026 948 1096 996 nec
1115 925 1162 996 de
1182 922 1307 996 multis

139 1059 154 1124 5
189 1044 265 1100 tarn
303 1027 442 1101 sanctis
479 1025 653 1102 fratribus
681 1044 718 1100 et
746 1027 829 1100 filiis
857 1027 926 1102 sibi
963 1030 1059 1103 datis
1088 1030 1124 1102 in
1154 1055 1305 1103 suorum

188 1134 498 1208 remunerationis
526 1134 747 1232 principium
777 1136 1024 1233 meritorum}

616 1349 883 1360 ——-—.

249 1581 450 1680 [Quomodo
471 1582 740 1678 praelationem
771 1583 813 1655 in
840 1584 1003 1680 capitulo
1031 1584 1250 1681 resignavit,

413 1709 448 1772 ot
473 1700 516 1774 do
542 1700 708 1773 oratione
734 1699 926 1798 quodam].
985 1698 1081 1772 CIV.

273 1936 357 2006 143.
378 1912 442 1987 Ad
462 1912 684 1986 servandam
709 1910 926 1985 humilitatis
945 1928 1099 1986 sanctae
1117 1912 1303 1996 virtutem,

118 2053 159 2100 10
186 2019 316 2118 paucis
352 2018 459 2092 annis
495 2017 632 2116 elapsis
668 2034 754 2116 post
790 2044 897 2091 suam
940 2018 1234 2104 conversionem,
1269 2021 1306 2093 in

187 2127 351 2223 quodam
380 2126 553 2223 capitul0,
585 2150 710 2198 coram
744 2125 917 2198 omnibus
950 2126 1122 2199 fratribus
1151 2128 1199 2200 de
1227 2127 1307 2199 reli·

186 2234 301 2331 gione
329 2231 568 2331 praelationis
587 2232 750 2305 officium
770 2232 976 2328 resignavit
994 2232 1136 2305 dicens:
1154 2234 1307 2307 Amodo

187 2365 269 2413 sum
299 2356 467 2413 mortuus
487 2338 603 2413 vobis.
661 2338 737 2412 Sed
766 2364 865 2422 ecce,
889 2339 1017 2438 inquit,
1040 2341 1154 2414 frater
1175 2342 1307 2414 Petrus

189 2448 373 2532 Cathanii,
395 2448 453 2520 cui
473 2472 549 2545 ego
578 2462 616 2520 et
633 2472 702 2520 vos
729 2471 863 2519 omnes
890 2448 1121 2522 obediamus.
1178 2449 1228 2521 Et
1256 2450 1307 2522 in·

120 2588 157 2653 15
188 2554 329 2628 clinans
357 2580 398 2626 se
425 2556 595 2653 protinus
624 2580 749 2627 coram
779 2554 871 2651 ipso,
902 2554 1155 2628 obedientiam
1187 2571 1226 2628 et
1252 2582 1307 2629 re-

186 2661 392 2735 verentiam
429 2659 599 2758 promisit
634 2661 768 2734 eidem.
827 2661 987 2735 Flebant
1021 2661 1135 2759 igitur
1162 2664 1303 2747 iratres,

188 2783 226 2841 et
261 2768 357 2842 altos
394 2769 644 2864 extorquebat
671 2767 836 2867 gemitus
864 2768 980 2854 dolor,
1011 2794 1096 2841 cum
1129 2770 1308 2844 videbant

188 2901 229 2949 se
257 2892 362 2948 tanto
398 2892 505 2972 patre
534 2875 814 2972 quodammodo
842 2876 1033 2972 orphanos
1070 2875 1159 2950 fieri.
1218 2876 1309 2950 Sur-

188 3009 283 3080 gens
318 2983 450 3055 beatus
487 2982 718 3067 Franciscus,
750 2981 884 3055 iunctis
921 2981 1092 3056 manibus
1120 3000 1159 3057 et
1190 2983 1307 3057 oculis

116 3122 160 3168 20
188 3091 223 3162 in
253 3089 398 3162 caelum
427 3089 571 3172 erectis,
602 3088 712 3160 dixit:
743 3088 918 3173 Domine,
946 3089 1012 3161 tibi
1040 3093 1307 3165 recommendo

143 3275 147 3291 ι
188 3196 374 3280 familiam,
395 3220 508 3293 quam
528 3195 617 3268 mihi
638 3197 818 3268 hactenus
838 3195 1064 3268 commisisti.
1122 3198 1171 3270 Et
1196 3224 1303 3282 nunc,

187 3321 341 3400 propter
381 3302 612 3375 infirmitates
641 3327 734 3398 quas
767 3318 807 3374 tu
845 3301 952 3385 nosti,
983 3303 1195 3377 dulcissime
1231 3306 1307 3378 Do·

188 3411 297 3492 mine,
320 3435 446 3483 curam
466 3410 546 3482 eius
574 3409 714 3482 habere
742 3434 818 3481 non
849 3410 987 3492 valens
1020 3408 1139 3506 ipsam
1168 3437 1307 3484 recom-

188 3518 326 3590 mendo
345 3515 532 3589 ministris.
589 3515 809 3588 Teneantur
832 3514 868 3588 in
888 3515 948 3589 die
970 3516 1092 3589 iudicii
1113 3542 1237 3590 coram
1257 3534 1303 3603 te,

118 3654 158 3721 25
191 3623 400 3719 [Domine],
426 3624 585 3696 reddere
614 3624 807 3709 rationem,
834 3622 863 3694 si
882 3622 1015 3718 aliquis
1044 3624 1157 3695 frater
1177 3649 1306 3696 eorum

191 3731 277 3829 [vel]
301 3729 541 3829 negligentia,
563 3729 623 3802 vel
643 3730 827 3826 exemplo,
850 3756 915 3802 seu
937 3729 1048 3802 etiam
1069 3755 1202 3826 aspera
1231 3757 1308 3804 cor·

188 3839 351 3911 rectione
379 3835 540 3934 perierit.
598 3837 807 3910 Permansit
833 3836 969 3909 exinde
996 3837 1165 3910 subditus
1190 3864 1307 3935 usque

186 3944 235 4017 ad
263 3959 433 4028 mortem,
464 3942 637 4017 humilius
672 3969 792 4041 agens
821 3969 932 4040 quam
968 3941 1102 4053 aliquis
1138 3945 1305 4017 aliorum.

262 4153 523 4220 14.Morn.omnes
596 4169 636 4222 25.
653 4154 677 4206 A
694 4171 743 4207 ont.
759 4152 879 4205 Domine
953 4151 1102 4206 26.A0m.
1120 4154 1163 4206 vel
1219 4155 1308 4210 Rom.

112 4281 114 4285 .
188 4235 269 4287 etiam

613 4412 880 4422 ———-—-
