3142 4875
255 322 319 372 XVI
676 321 953 372 PROLEGOMENA

254 545 372 611 tariss)
419 545 472 611 Eis
496 545 582 611 enim
606 545 661 633 qui
689 544 758 611 zelo
784 545 845 611 Dei
870 563 900 612 et
931 544 1111 611 animarum
1135 545 1180 611 ire
1211 543 1375 624 volebant,

254 650 718 733 eamdemobedientiam,imo
729 652 917 740 ampliorem
928 651 1374 740 dabatS.Franciscus,quam

254 758 403 826 euntibus
420 758 499 825 ultra
516 780 603 824 mate
619 757 702 846 apud
719 759 907 825 Saracenos.
954 758 1040 826 Cum
1058 758 1209 825 Caesario
1222 758 1373 846 Spirensi,

253 865 398 932 ministro
422 865 454 931 in
471 864 532 931 hiis
548 866 689 955 partibus
706 865 892 947 constituto,
906 868 963 933 ivit
987 889 1065 955 ergo
1081 865 1230 933 Thomas
1247 865 1286 932 de
1311 866 1374 932 Ce-

253 972 327 1039 lano
347 972 464 1061 aliique
488 972 604 1061 plures,
624 972 771 1040 videlicet
800 994 837 1039 12
862 973 964 1041 clerici
984 993 1015 1040 et
1040 973 1177 1059 13laici.
1225 971 1372 1038 Tridenti

253 1080 383 1147 insimul
406 1099 628 1148 convenerunt
651 1082 733 1146 circa
755 1080 872 1147 festum
898 1081 931 1147 S.
958 1080 1124 1148 Michaelis
1147 1079 1206 1168 (29
1227 1079 1324 1168 sept.)
1342 1098 1374 1145 et

252 1188 328 1253 inde
350 1209 406 1274 per
426 1187 612 1267 Bulsauum,
633 1187 812 1267 Brixinum,
829 1185 1029 1275 Sterzingam
1053 1189 1111 1253 iter
1126 1185 1289 1267 facientes,
1307 1191 1373 1253 Au·

252 1313 364 1381 gustae
376 1293 492 1360 iterum
505 1293 676 1362 coadunati
692 1313 767 1362 sunt
783 1296 865 1360 circa
878 1292 996 1361 festum
1012 1296 1044 1361 B.
1060 1294 1142 1361 Galli
1157 1294 1218 1384 (16
1231 1294 1312 1383 oct.)
1320 1319 1334 1378 3,
1342 1314 1373 1360 et

253 1421 329 1468 tunc
353 1401 464 1468 fratres
486 1425 563 1469 suos
587 1401 627 1468 ad
647 1401 785 1469 diversas
807 1402 1015 1469 Theutoniae
1033 1402 1183 1491 regiones
1203 1401 1374 1468 destinavit

253 1509 432 1576 Caesarius.

280 1647 287 1669 x
320 1616 398 1697 Quo
422 1612 517 1682 fuerit
541 1616 657 1682 missus
692 1616 841 1682 Thomas
864 1637 931 1682 non
956 1613 1096 1682 referunt
1120 1614 1294 1696 Chronica,
1316 1614 1373 1681 sed

251 1721 341 1786 illurn
361 1718 458 1788 fuisse
482 1720 565 1788 inter
584 1721 770 1809 praecipuos
790 1719 900 1788 fratres
919 1722 1050 1788 huiusce
1069 1721 1191 1809 primae
1211 1722 1373 1788 missionis

252 1828 332 1894 clare
357 1829 565 1915 perspicitur3
589 1849 665 1894 nam
689 1849 775 1894 anno
795 1828 939 1915 sequenti
970 1848 1064 1907 1222,
1097 1828 1283 1894 convocatis
1312 1828 1374 1893 fra-

251 1935 349 2002 tribus
373 1935 412 2002 ad
445 1936 619 2024 capitulum
651 1936 683 2002 in
709 1936 900 2016 Wormatia,
930 1934 1099 2002 Caesarius
1129 1957 1204 2001 eum
1239 1935 1373 2002 instituit

251 2044 416 2111 custodem
441 2064 662 2112 conventuum
689 2044 961 2131 Moguntinensis,
983 2044 1226 2109 Wormatiensis
1250 2061 1281 2110 et
1306 2043 1372 2110 Co·

252 2152 414 2218 luniensis.
458 2152 600 2218 Instante
612 2173 689 2217 vero
704 2149 853 2238 Capituio
866 2151 1006 2239 generali
1021 2149 1166 2231 Ordinis,
1181 2149 1372 2217 celebrando

253 2259 335 2347 apud
359 2258 511 2325 Sanctam
537 2258 669 2325 Mariam
696 2257 735 2325 de
765 2257 984 2337 Portiuncuia,
1018 2278 1049 2326 et
1073 2281 1139 2325 non
1168 2277 1233 2324 tarn
1263 2258 1371 2325 taedio

251 2387 347 2452 quam
361 2363 490 2431 beatum
504 2366 709 2432 franciscum
723 2364 846 2431 visendi
861 2385 1123 2455 caeterorumque
1135 2364 1268 2432 fratrum
1282 2366 1372 2432 vallis

251 2472 441 2559 Spoletanae
465 2472 622 2540 desiderio
645 2492 765 2560 captus,
785 2474 952 2543 Caesarius
972 2497 1045 2540 cutn
1066 2497 1132 2540 uno
1151 2475 1240 2540 socio
1259 2495 1371 2541 versus

250 2568 375 2645 Italiam
400 2579 458 2646 iter
480 2579 619 2667 arripuit,
644 2579 790 2647 instituto
814 2581 932 2647 vicario
957 2579 1089 2647 Thoma
1109 2599 1185 2646 tunc
1206 2580 1301 2646 unico
1317 2603 1372 2647 cu·

250 2685 352 2753 stode.
390 2686 567 2753 Ministetio
587 2685 750 2754 absolutus
767 2686 825 2753 fuit
842 2688 1012 2755 Caesarius
1029 2706 1060 2754 et
1073 2689 1146 2754 loco
1162 2687 1259 2775 ipsius
1276 2687 1372 2754 desti·

249 2812 413 2861 natusest
438 2793 584 2861 hibertus
608 2794 647 2860 de
671 2793 751 2859 Pisis
775 2793 910 2883 (1223),
933 2795 989 2881 qui
1017 2818 1091 2862 cum
1119 2797 1152 2861 in
1183 2793 1371 2861 Theutonia

249 2900 457 2985 pervenisset,
481 2900 665 2966 convocatis
688 2900 878 2981 senioribus,
890 2900 984 2967 fratre
1003 2901 1149 2968 videlicet
1168 2900 1314 2968 Iohanne
1331 2900 1371 2968 de

251 3006 352 3075 Plano
377 3007 522 3095 Carpinis
546 3028 578 3074 et
601 3008 694 3075 fratre
718 3007 862 3089 Thoma,
888 3010 1006 3076 vicario
1030 3028 1062 3075 et
1086 3008 1219 3076 custode
1240 3009 1371 3097 aliisque

250 3114 423 3195 nonnullis,
441 3116 505 3203 egit
521 3114 696 3204 capitulum
713 3115 834 3203 Spirae,
852 3117 939 3183 iuxta
958 3139 1086 3183 murum
1107 3115 1189 3204 apud
1215 3115 1369 3202 leprosos,

250 3224 282 3287 in
308 3222 470 3289 nativitate
494 3222 603 3290 beatae
627 3222 779 3310 Virginis.
830 3223 903 3289 Hoc
927 3223 958 3289 in
984 3223 1122 3311 capitulo
1147 3222 1295 3289 Thomas
1326 3223 1372 3287 vi·

251 3327 342 3396 detur
365 3328 548 3396 absolutum
564 3329 660 3396 fuisse
674 3353 690 3394 a
704 3353 837 3396 munere
849 3328 991 3396 custodis
1010 3349 1041 3396 et
1057 3352 1179 3397 nomen
1203 3329 1285 3397 illius
1302 3351 1369 3396 non

250 3436 387 3523 amplius
410 3455 575 3524 comparet
605 3436 635 3503 in
662 3435 853 3518 Chronicis;
877 3434 962 3503 unde
987 3454 1125 3525 arguunt
1149 3437 1253 3524 plures
1281 3434 1370 3524 quod

249 3560 327 3609 tuuc
351 3542 383 3607 in
405 3542 530 3608 Italiam
555 3543 595 3607 sit
618 3534 775 3609 reversus.
792 3542 827 3593 (²)

320 3702 360 3771 (1)
378 3702 435 3755 Nisi
455 3702 585 3771 prolixior
603 3719 686 3773 quam
707 3715 735 3754 ut
753 3702 813 3755 heic
833 3703 967 3755 inseratur
986 3701 1126 3756 reserenda
1156 3715 1227 3755 esset
1252 3702 1370 3771 ingenua

248 3792 367 3844 narratio
383 3790 489 3843 lordani
505 3790 606 3855 aiano,
621 3804 675 3843 tarn
690 3792 722 3843 de
737 3791 833 3843 timore
849 3808 930 3861 quem
946 3790 985 3844 illi
1001 3792 1150 3844 incutiebat
1163 3792 1251 3843 solum
1265 3807 1370 3844 nomen

248 3881 492 3943 Theutonicorum‚
512 3897 594 3951 quam
614 3881 647 3933 de
666 3879 818 3933 curiositate
843 3897 895 3951 qua
921 3881 1017 3934 ductus
1043 3895 1071 3933 ut
1095 3892 1273 3950 cognosceret
1297 3897 1367 3950 quos

246 3972 300 4022 iam
320 3982 452 4041 martyres
467 3969 628 4022 aestimabat
641 3986 703 4021 curn
724 3972 762 4022 eis
781 3986 810 4021 se
831 3972 943 4039 iungens
960 3970 1114 4022 obedientia
1130 3970 1163 4022 ad
1181 3969 1368 4022 Theutoniam

246 4059 294 4113 suit
313 4061 470 4113 destinatus.
501 4060 582 4130 Apud
601 4059 661 4112 illas
685 4073 779 4130 gentes
801 4076 913 4129 quarum
938 4058 1056 4112 sutorem
1080 4060 1214 4122 timuerat,
1234 4076 1281 4130 per
1304 4076 1370 4130 qua·

246 4150 365 4219 draginta
386 4165 472 4201 anuos
487 4148 597 4218 pacifice
616 4165 801 4218 perseverans,
818 4166 890 4202 anno
914 4147 989 4213 1262,
1003 4166 1085 4201 senex
1102 4161 1128 4202 et
1144 4149 1247 4211 debilis,
1263 4164 1370 4201 memo·

247 4238 312 4290 riale
332 4249 470 4307 gestorum
490 4237 516 4288 in
537 4236 589 4289 hac
614 4237 745 4290 missione
764 4236 884 4300 dictavit,
912 4237 984 4307 quod
1006 4238 1111 4307 sequuti
1130 4248 1193 4290 sunt
1212 4236 1257 4289 alii
1277 4235 1367 4291 Chro-

247 4331 370 4380 nicarum
389 4327 541 4397 scriptores.
560 4327 618 4379 Lor.
639 4328 679 4379 cil.
700 4343 724 4395 p.
745 4341 768 4394 7.

318 4417 359 4485 (2)
380 4437 393 4465 κ
406 4416 436 4469 In
457 4416 605 4470 Germania
625 4417 781 4469 trattennesi
797 4415 838 4468 Fr.
857 4416 1008 4469 Tornmaso
1025 4414 1080 4467 fino
1094 4415 1120 4468 al
1137 4431 1212 4481 1224,
1226 4432 1254 4468 se
1269 4414 1287 4468 il
1300 4431 1365 4468 vero
