3142 4875
660 309 770 358 sunm
799 308 994 359 anniversa
1306 289 1381 376 169

260 418 869 428 ——-————··—---—-...—-...
875 420 1059 428 ————-

256 703 439 801 Incipit
479 702 763 776 Memoriale
801 702 846 774 in
889 702 1137 776 desiderio
1177 703 1375 777 animae

337 809 392 883 de
420 810 572 908 gestis
600 825 647 882 et
674 809 839 884 verbis
873 809 1181 883 sanctissimi
1216 810 1374 907 patris

337 916 493 990 nostri
531 916 805 989 Francisci.

564 1184 635 1257 De
672 1182 1002 1257 conversione
1039 1184 1163 1256 eius.

206 1423 221 1486 5
257 1396 454 1489 [Qualiter
478 1406 623 1469 vocatus
651 1407 703 1469 est
720 1398 839 1493 prius
865 1399 1033 1479 loannes,
1060 1407 1183 1492 postea
1211 1398 1373 1470 Franci-

333 1528 424 1575 scus.
486 1504 595 1594 Quod
619 1514 741 1575 mater
759 1503 998 1599 prophetavit
1023 1505 1066 1574 de
1095 1505 1183 1598 ipso,
1214 1514 1249 1576 et
1277 1506 1378 1600 quod
1432 1575 1435 1581 .

332 1611 444 1681 etrum
463 1611 506 1682 cte
524 1635 561 1681 se
581 1611 658 1705 ipso
672 1610 819 1703 sutura
830 1611 1045 1705 praedixit,
1067 1621 1101 1682 et
1126 1612 1169 1682 de
1182 1612 1375 1706 patientia

333 1718 375 1788 in
403 1717 594 1812 vinculis]
652 1717 677 1789 1.

335 1955 368 2024 3.
400 1931 622 2004 Franciscus
641 1956 771 2003 servus
800 1946 838 2002 et
857 1928 998 2003 amicus
1026 1928 1218 2014 Altissimi,
1242 1930 1299 2003 cui
1320 1929 1372 2003 di·

181 2069 223 2115 10
251 2038 338 2116 vina
363 2037 597 2133 providentia
626 2037 697 2109 hoc
730 2035 952 2110 vocabulum
982 2036 1123 2119 indidit,
1155 2052 1196 2109 ut
1220 2062 1267 2109 ex
1301 2035 1372 2109 sin-

252 2143 371 2242 gulari
400 2160 438 2217 et
466 2144 613 2216 insueto
642 2144 794 2216 nomine
823 2143 950 2240 opinio
978 2143 1170 2215 ministerii
1198 2143 1279 2215 eius
1299 2144 1368 2216 toti

253 2249 359 2324 citius
379 2251 631 2323 innotesceret
648 2251 740 2335 orbi,
764 2276 786 2323 a
806 2265 923 2322 matre
942 2249 1094 2347 propria
1119 2249 1279 2323 loannes
1306 2274 1369 2323 vo·

252 2372 356 2431 catus
376 2356 454 2442 fuit,
471 2383 554 2429 cum
575 2357 622 2429 de
643 2357 717 2429 lilio
737 2357 825 2444 irae,
844 2382 890 2429 ex
908 2381 1007 2453 aqua
1027 2372 1065 2429 et
1084 2355 1222 2454 Spiritu
1239 2373 1369 2430 sancto

251 2490 461 2550 renascens,
485 2465 629 2564 gratiae
658 2464 753 2537 filius
782 2483 839 2537 est
874 2464 1038 2537 effectus.
1098 2465 1207 2559 Quae
1236 2463 1369 2538 mulier

183 2604 219 2670 15
250 2572 364 2645 totius
401 2570 607 2645 honestatis
651 2572 771 2644 amica
808 2570 998 2668 quoddam
1034 2570 1179 2643 virtutis
1219 2570 1368 2670 insigne

249 2679 486 2775 praeferebat
505 2678 541 2750 in
562 2676 736 2762 moribus,
759 2695 911 2751 sanctae
933 2675 1027 2750 illius
1053 2677 1257 2763 Elisabeth,
1290 2694 1368 2753 tam

249 2784 488 2882 impositione
517 2783 677 2857 nominis
704 2784 753 2857 ad
782 2783 896 2856 filium
925 2809 1038 2880 quam
1066 2800 1105 2858 et
1133 2784 1262 2881 spiritu
1284 2812 1367 2882 pro·

249 2891 398 2988 phetali‚
412 2890 537 2988 aliquo
553 2890 801 2964 similitudinis
815 2889 1011 2988 privilegio
1025 2892 1209 2988 gaudens.
1268 2892 1365 2965 Nam

249 2997 437 3071 Francisci
473 2996 818 3095 magnanimitatem
848 3014 887 3070 et
917 3022 1060 3070 morum
1093 2998 1365 3094 [hone]statem

177 3136 220 3181 20
247 3103 517 3178 admirantibus
546 3103 758 3187 convicinis,
790 3104 895 3200 quasi
920 3104 1046 3176 divino
1077 3104 1257 3178 instructa
1285 3129 1365 3178 ora-

248 3209 331 3283 culo
353 3211 406 3283 sic
434 3212 573 3284 aiebat:
606 3211 707 3305 Quid
736 3211 876 3307 putatis
916 3209 985 3283 iste
1014 3210 1109 3284 filius
1137 3236 1244 3284 meus
1272 3210 1365 3284 erit?

247 3315 467 3390 Meritorum
488 3317 610 3416 gratia
638 3317 712 3390 Dei
741 3317 855 3390 filium
885 3317 1006 3414 ipsum
1027 3317 1204 3391 noveritis
1231 3317 1368 3391 affutu-

246 3450 340 3497 rum.
397 3424 504 3497 Haec
523 3449 655 3498 revera
675 3423 935 3497 nonnullorum
965 3440 1045 3498 erat
1074 3425 1211 3521 opini0‚
1229 3424 1365 3521 quibus

246 3530 532 3630 grandiusculus
570 3532 690 3604 iactus
733 3531 865 3604 studiis
901 3531 1011 3604 valde
1047 3532 1155 3604 bonis
1191 3529 1366 3628 placebat

173 3672 214 3737 25
246 3635 477 3711 Franciscus.
527 3638 738 3736 Relegabat
753 3663 902 3735 semper
915 3664 938 3711 a
953 3664 994 3711 se
1014 3663 1125 3711 omne
1145 3639 1247 3734 quod
1264 3637 1364 3734 apud

244 3743 406 3842 aliquem
425 3761 577 3818 sonaret
597 3743 776 3830 iniuriam,
801 3761 840 3817 ut
868 3745 1020 3818 urbanis
1048 3743 1269 3817 adolescens
1288 3768 1364 3816 mo-

243 3849 346 3924 ribus
374 3851 547 3925 omnibus
565 3850 762 3947 videbatur
782 3877 857 3924 non
886 3850 1031 3924 illorum
1060 3866 1268 3947 parentum,
1300 3849 1363 3947 qui

243 3957 463 4032 dicebantur
490 3957 571 4032 eius
599 3958 783 4055 prosapia,
807 3957 967 4057 genitus.
1027 3957 1176 4030 loannis
1204 3955 1364 4053 proinde

244 4089 379 4138 nomen
395 4064 444 4138 ad
458 4090 554 4163 opus
564 4065 756 4138 ministerii
771 4064 933 4163 pertinet
944 4064 1046 4161 quod
1061 4063 1235 4160 suscepit,
1249 4064 1364 4137 Fran·

316 4308 376 4359 1·4·
395 4294 426 4346 M
443 4310 493 4349 om.
569 4295 715 4349 12.Rom.
735 4293 813 4346 citius
889 4308 929 4361 17.
949 4291 987 4362 et]
1016 4293 1044 4345 u
1063 4292 1145 4345 etiam
1166 4291 1193 4344 in
1278 4292 1362 4360 19.A

239 4385 410 4428 venustatem
483 4388 526 4428 22.
542 4373 703 4427 Meritorum
713 4404 730 4412 -
740 4372 837 4443 filium]
852 4373 871 4425 R
885 4373 1033 4426 Multorum
1050 4374 1136 4443 gratia
1149 4372 1201 4425 Dei
1214 4371 1363 4441 filliorum)
