3142 4875
626 346 731 395 anari
759 347 944 397 annucrscr
1273 348 1347 417 139

1062 457 1285 464 -—-——-—-

223 579 394 652 manibus
413 578 528 676 ipsius
548 580 754 677 suscipiens
783 582 1057 677 respondebat:
1079 581 1179 653 Ecce
1200 597 1344 654 contra·

223 702 305 759 ctus
333 713 425 768 sum,
459 703 496 759 et
525 686 625 760 nullo
653 689 766 760 modo
796 712 952 784 surgere
986 712 1149 783 possum.
1218 689 1343 759 Pirum

222 818 313 866 vero
328 792 534 866 exhibitum
551 794 799 879 manducavit,
818 809 856 866 et
873 793 954 889 [ad]
971 793 1072 867 aliud
1087 794 1217 890 pirum,
1240 795 1343 891 quod

224 900 258 972 ei
277 900 478 987 abeodem
501 901 635 973 iuvene
650 900 884 983 oflerebatur,
904 901 1028 997 coepit
1047 901 1253 974 extendere
1269 926 1343 974 ma·

173 1032 193 1098 5
224 1031 323 1078 num.
382 1006 456 1099 Qui
486 1009 574 1079 dum
595 1006 727 1079 iterum
753 1032 838 1080 eum
860 1022 900 1079 ut
918 1023 1091 1104 surgeret
1119 1008 1342 1090 hortaretur,

224 1111 435 1185 infirmitate
460 1130 658 1210 gravatum
679 1139 718 1185 se
738 1115 904 1186 sentiens
925 1140 997 1186 non
1019 1114 1208 1210 surgebat.
1267 1113 1345 1186 Sed

223 1218 312 1291 dum
328 1219 376 1291 ad
392 1218 511 1315 pirum
528 1246 678 1292 manum
693 1222 924 1305 extenderet,
943 1220 1064 1292 dictus
1080 1218 1223 1292 iuvenis
1242 1220 1344 1293 exhi-

223 1324 302 1397 bito
321 1323 371 1397 illi
399 1325 480 1421 piro
505 1352 655 1398 manum
684 1326 764 1400 eius
792 1327 1050 1423 apprehendit,
1073 1345 1112 1399 et
1131 1327 1228 1399 loras
1256 1328 1344 1400 edu-

223 1456 313 1504 cens
341 1457 426 1504 eum
456 1434 637 1528 disparuit
664 1434 712 1506 ab
741 1434 858 1506 oculis
891 1434 981 1506 eius.
1041 1433 1115 1526 Qui
1145 1458 1275 1505 sanum
1305 1450 1345 1507 et

153 1561 194 1607 10
224 1537 446 1610 incolumem
463 1539 600 1611 lactum
617 1566 657 1612 se
671 1540 804 1612 videns
824 1541 948 1636 coepit
966 1538 1040 1612 alta
1060 1565 1153 1611 voce
1168 1539 1341 1617 ciamare.

223 1645 325 1741 quod
354 1645 489 1717 lactum
519 1645 555 1717 in
585 1671 632 1718 eo
660 1647 780 1719 luerat
807 1647 980 1719 omnibus
1009 1646 1259 1719 manifestans.

309 1774 392 1844 134.
426 1754 537 1824 Vlll.
558 1753 694 1825 Mulier
713 1752 899 1849 quaedam
928 1754 976 1825 de
1005 1770 1128 1825 castro
1160 1754 1261 1847 quod
1291 1753 1343 1825 di·

223 1858 316 1930 citur
345 1858 583 1930 Cucoranurn
611 1861 659 1931 ad
685 1859 896 1954 sepulcrum
925 1859 1078 1956 gloriosi
1099 1861 1213 1954 patris
1234 1860 1270 1931 in
1291 1861 1341 1932 ci·

221 1965 289 2036 stis
321 1964 444 2036 delata
474 1980 548 2046 est;
580 1965 616 2036 in
646 1965 746 2038 nullo
775 1966 874 2038 enim
905 1966 1155 2037 membrorum
1175 1983 1345 2061 praeter-

153 2094 191 2158 15
222 2096 334 2166 quam
348 2071 386 2143 in
402 2074 481 2142 sola
497 2064 624 2169 lingua
638 2071 867 2168 operationis
882 2072 1100 2167 cuiusquam
1113 2089 1345 2145 remanserat

223 2203 322 2250 usus.
380 2179 527 2250 Moram
548 2177 662 2275 igitur
676 2179 836 2252 faciente
852 2177 1121 2275 aliquantulum
1141 2194 1228 2249 ante
1249 2194 1343 2250 tum-

222 2285 309 2356 bam
346 2283 569 2378 sanctissimi
611 2284 687 2369 viri,
730 2283 891 2357 surrexit
927 2285 1137 2380 peroptime
1174 2284 1341 2357 liberata.

221 2391 296 2464 IX.
320 2390 484 2485 Quidam
505 2390 597 2463 alius
617 2392 707 2465 civis
733 2390 957 2490 Eugubinus
985 2417 1068 2464 cum
1099 2391 1213 2464 lilium
1234 2418 1342 2465 suum

222 2495 259 2569 in
289 2497 381 2570 cista
409 2513 639 2570 contractum
668 2500 716 2571 ad
745 2499 873 2571 sancti·
892 2499 1007 2595 patris
1027 2500 1209 2571 tumulum
1238 2500 1342 2571 detu-

147 2626 193 2672 20
223 2602 335 2686 lisset,
353 2629 485 2676 sanum
501 2622 539 2677 et
554 2605 764 2678 incolumen
780 2606 922 2702 recepit
937 2632 1034 2677 eum.
1083 2606 1221 2678 Fuerat
1241 2607 1341 2678 enim

222 2727 327 2785 tanta
346 2710 567 2783 enormitate
588 2727 812 2796 contractus,
837 2729 876 2784 ut
901 2713 1014 2785 tibiae
1034 2712 1182 2785 natibus
1201 2713 1340 2786 adhae-

222 2832 347 2890 rentes
376 2818 497 2890 lorent
526 2817 673 2914 penitus
700 2821 898 2893 arefactae.

308 2947 350 3016 13
358 2945 390 3016 5.
415 2926 464 2996 X.
489 2924 797 2998 Bartholomaeus
819 2927 867 2997 de
891 2925 1021 2998 Narnii
1045 2925 1204 3010 civitate,
1227 2926 1355 3012 homo

222 3031 481 3127 pauperrimus
517 3049 554 3102 et
590 3057 744 3130 egenus,
777 3057 861 3104 cum
890 3033 959 3104 sub
989 3033 1120 3104 umbra
1148 3032 1341 3105 cuiusdam

224 3138 328 3209 nucis
364 3139 527 3235 quodam
567 3154 736 3236 tempore
776 3137 1037 3220 obdormisset,
1074 3139 1256 3235 evigilans
1291 3139 1343 3212 ita

223 3261 452 3316 contractum
483 3270 523 3316 se
552 3246 699 3342 reperit,
723 3246 825 3342 quod
850 3246 1068 3343 nu[s]quam
1089 3261 1236 3341 poterat
1264 3270 1344 3317 am-

222 3348 361 3423 bulare.
421 3352 625 3425 Crescente
649 3378 800 3449 quoque
830 3352 967 3425 sensim
998 3352 1219 3436 infirmitate,
1252 3351 1343 3425 tibia

223 3481 306 3528 cum
334 3458 433 3554 pede
462 3458 615 3544 subtilis,
646 3484 759 3532 curva
784 3476 824 3532 et
842 3458 946 3531 arida
974 3461 1071 3532 sacta
1099 3477 1169 3557 est,
1199 3457 1343 3532 incisio-

296 3692 317 3730 1.
339 3677 374 3730 05
393 3669 524 3746 recipiens
599 3694 621 3745 3.
638 3679 659 3730 B
674 3696 723 3730 ont.
743 3678 775 3730 ad
849 3694 872 3743 4.
890 3679 913 3730 ci
931 3679 963 3730 ab
979 3678 1089 3747 eodem]
1106 3679 1179 3732 Ala
1256 3694 1277 3743 ς.
1298 3679 1340 3741 H,

221 3757 303 3811 Rom,
318 3774 379 3809 eum
455 3773 478 3825 7.
495 3759 528 3810 05
542 3774 639 3810 manus
712 3758 1134 3828 8.illi]Osillo;Orei5Pom.
1186 3758 1343 3811 Lunueius

220 3836 280 3906 8-9.
297 3838 318 3890 P
335 3836 471 3889 adducens
544 3854 567 3904 9.
583 3838 629 3890 AS
643 3856 691 3890 om.
709 3839 767 3892 eius
843 3839 920 3892 roll
937 3857 986 3890 our.
1003 3839 1104 3890 sacrum
1182 3855 1219 3890 11.
1239 3839 1298 3903 AS,
1319 3839 1343 3891 Ε

220 3918 368 3969 om.ineo
453 3917 753 3985 13.PCucurronum,·
774 3919 794 3971 R
815 3920 990 3973 Cucuranum
1044 3918 1090 3972 AS
1104 3919 1186 3988 patris
1206 3919 1341 3972 Francisci

224 4012 317 4065 13-14.
333 3998 362 4051 H
375 3997 432 4049 cisti
529 4013 565 4060 14.
587 3999 675 4052 Eom.
695 3999 769 4051 enim
865 3998 904 4052 16.
924 3999 967 4052 As
987 3996 1088 4051 iaciens
1182 4015 1219 4066 17.
1240 3999 1298 4062 AS,
1320 4000 1344 4052 E

220 4076 322 4146 optime
395 4079 539 4130 zoilum.
555 4094 617 4129 euru
692 4094 734 4131 21.
754 4078 795 4147 ut]
815 4079 1011 4148 A5,Equ0d
1062 4078 1202 4131 Rnatibus
1216 4079 1342 4132 manibus

220 4159 371 4212 22.Rom.
392 4156 527 4210 arefactae
601 4157 982 4228 23.LBarrh.namqucde
1039 4158 1173 4210 HNarlni
1248 4161 1342 4223 2405

220 4253 302 4307 egens
375 4238 537 4306 25.Hnuci
622 4238 662 4291 26.
682 4238 740 4301 As,
761 4240 796 4300 B,
822 4238 919 4303 0231>
938 4256 1101 4308 nunquam·
1134 4239 1161 4290 H
1180 4238 1285 4306 potuir;
1307 4241 1342 4293 Os

220 4327 307 4386 posset
414 4316 510 4387 26-27.
529 4317 574 4371 As
592 4319 629 4370 ire
739 4334 780 4387 27.
804 4319 924 4387 quoque]
950 4318 998 4372 As
1019 4332 1109 4370 autent
1167 4321 1341 4372 Rsensuum
1439 4333 1442 4338 ·

220 4397 349 4466 alcum]
373 4398 467 4451 Ossub
523 4399 569 4452 AS
580 4397 670 4450 subtili
728 4399 762 4452 Os
776 4415 825 4450 om.
840 4415 921 4452 curva
978 4399 1188 4462 L,0.tom.est
