3142 4875
526 315 683 365 xxu
1371 312 1928 363 PROLEGOMENA

663 538 927 605 Cineres
973 537 1040 603 in
1089 536 1297 625 primo
1345 535 1600 603 tumulo
1641 535 1890 607 collecti
1930 559 2080 603 vase
2114 535 2480 623 crystallino
2515 535 2774 605 fuerunt

524 645 775 726 inclusi,
801 662 864 711 et
892 646 963 711 in
987 643 1124 710 aliis
1164 643 1534 731 reliquiariis
1568 666 1604 708 e
1627 643 1807 730 ligno
1841 643 2145 710 deaurato
2176 662 2578 711 reservantur
2601 641 2769 732 frag·

528 770 820 819 mentum
868 751 1121 818 tunicae
1168 769 1230 816 et
1278 748 1520 816 linteoli
1593 749 1659 815 in
1717 772 1849 837 quo
1925 749 2042 816 fuit
2105 749 2475 818 involutum
2538 771 2772 839 corpus

529 859 705 926 Beati
755 857 1044 946 discipuli
1076 857 1294 924 Sancti
1346 856 1688 924 Francisci.
1717 856 1785 908 (¹)

669 969 737 1033 In
783 966 1063 1034 sacristia
1111 984 1399 1033 servatur
1457 966 1652 1032 etiam
1728 963 1991 1031 Missale
2040 964 2569 1053 manuscriptum,
2631 988 2771 1033 sae-

533 1077 649 1137 culi
705 1094 838 1152 κω,
885 1071 1061 1160 quod
1109 1071 1363 1140 traditio
1401 1069 1590 1138 refert
1638 1069 1836 1139 fuisse
1884 1071 1962 1138 ad
2013 1093 2202 1139 usum
2240 1071 2403 1138 beati
2443 1072 2773 1154 Thomae,

533 1205 589 1245 ιςῑ
641 1180 1007 1249 translatum
1057 1203 1091 1246 a
1140 1179 1531 1246 monasterio
1580 1179 1800 1247 Sancti
1850 1180 2111 1248 Ioannis
2163 1180 2241 1247 de
2291 1180 2609 1246 Varr0.(²)

665 1288 944 1376 Singulis
992 1287 1197 1369 anniS,
1245 1285 1348 1354 die
1397 1307 1434 1353 2
1487 1286 1767 1373 augusti,
1815 1286 1879 1352 in
1928 1283 2095 1352 festo
2138 1286 2610 1366 portiunculae,
2662 1286 2773 1353 de·

533 1401 761 1481 tegitur
807 1416 1012 1481 capsa,
1061 1416 1224 1481 quae
1271 1393 1388 1460 sub
1445 1416 1555 1459 ara
1611 1394 1838 1460 maiori
1907 1393 2216 1460 collocata
2262 1413 2357 1460 est
2405 1416 2552 1459 cum
2623 1414 2772 1459 vase

533 1509 768 1569 timeres
815 1502 1211 1582 continente,
1256 1500 1374 1566 alia
1415 1523 1572 1566 vero
1620 1499 1978 1588 reliquiaria
2034 1499 2252 1587 lignea
2299 1499 2376 1566 ad
2418 1498 2620 1567 altaris
2668 1522 2773 1567 or-

533 1632 751 1674 natum
796 1610 1047 1695 saepius
1095 1606 1482 1675 deserviunt.

665 1719 815 1783 Non
866 1715 1223 1783 Taleacotii
1287 1715 1498 1782 solum
1550 1715 1793 1783 cultum
1843 1714 2122 1781 obtinuit
2169 1715 2399 1781 Beatus
2449 1714 2771 1797 ThomaS,

533 1825 633 1889 atui
681 1826 870 1891 etiam
902 1826 966 1890 in
1005 1843 1167 1892 terra
1198 1846 1361 1913 quae
1400 1823 1565 1890 illius
1595 1841 1739 1888 ortu
1776 1821 2074 1889 decorata
2099 1819 2239 1889 fuit.
2314 1821 2539 1889 Celani
2573 1822 2773 1902 enim,

533 1933 605 1997 :nl
649 1937 800 1998 haec
834 1952 1032 2018 usque
1067 1930 1290 1997 ultima
1316 1950 1629 2017 tempora,
1654 1929 1717 1995 in
1747 1948 1926 2017 porta
1952 1952 2116 2017 quae
2143 1951 2177 1994 a
2203 1929 2418 1995 vicino
2446 1950 2771 1996 conventu

533 2037 853 2104 tiit-[batur
898 2039 1089 2104 Porta
1138 2038 1354 2106 Sancti
1404 2038 1742 2116 Francisci‚
1783 2036 1919 2104 eius
1959 2034 2204 2124 effigies
2251 2058 2379 2102 una
2418 2059 2565 2102 cum
2615 2039 2776 2103 ima-

533 2153 677 2229 :4311ss
713 2144 1034 2232 Seraphici
1075 2145 1281 2212 Patris
1320 2144 1566 2231 depicta
1599 2141 1949 2224 videbatur,
1984 2144 2050 2195 (³)
2085 2161 2147 2208 et
2185 2161 2346 2209 teste
2386 2142 2771 2233 Corsignani

537 2253 760 2337 'invias
807 2250 935 2316 iarn
997 2250 1321 2328 invocat0,
1363 2251 1538 2316 Beati
1586 2248 1888 2315 Thomae
1935 2245 2263 2331 festivitas,
2311 2251 2575 2316 ineunte
2637 2274 2776 2318 sae-

533 2361 677 2421 t.2'.=:·
729 2379 906 2438 xvm,
955 2356 1239 2446 quolibet
1287 2379 1458 2424 anno
1521 2355 1807 2424 secunda
1868 2357 2214 2423 Dominica
2283 2357 2564 2425 octobris
2612 2359 2773 2425 cele-

677 2545 689 2601 [
709 2539 756 2603 1)
800 2537 1082 2607 Inscriptio
1101 2553 1257 2590 arcae
1279 2549 1432 2606 turpe
1452 2536 1773 2607 interpolata
1797 2534 1896 2588 fuit
1916 2552 1946 2588 a
1968 2535 2206 2606 quodam
2234 2536 2441 2605 ignoto,
2468 2537 2561 2607 qui
2580 2552 2775 2607 putans

537 2644 801 2677 «hannem
833 2625 1091 2678 Thomae
1121 2641 1150 2677 e
1185 2611 1402 2678 Cellino
1440 2623 1511 2677 ita
1552 2624 1897 2687 confirmare,
1936 2623 2234 2677 secundam
2275 2625 2506 2678 litteram
2539 2625 2580 2678 L
2612 2625 2777 2679 intro-

553 2733 597 2761 ·.·:
649 2729 693 2765 ιτ..
771 2714 880 2767 Sed
919 2713 1095 2784 primo
1128 2714 1380 2784 adspectu
1407 2712 1550 2767 fraus
1581 2714 1864 2782 detegitur,
1892 2730 2020 2766 nam
2057 2712 2341 2768 deficiente
2371 2715 2565 2784 spatio,
2595 2716 2650 2767 in
2682 2733 2777 2768 an-

537 2825 557 2853 -·
685 2802 968 2857 efformato
999 2820 1026 2854 a
1059 2802 1213 2856 lineis
1244 2803 1436 2873 quibus
1467 2802 1640 2856 littera
1674 2802 1717 2856 L
1754 2805 2114 2873 componitur,
2142 2802 2283 2856 hanc
2313 2804 2473 2856 aliam
2501 2806 2773 2858 minorem

633 2905 835 2944 auento
862 2892 1115 2962 depinxit.
1192 2893 1345 2945 Idem
1372 2891 1464 2945 ille
1486 2905 1567 2945 est
1589 2893 1679 2962 qui
1703 2891 1821 2944 aliis
1850 2892 2166 2963 reliquiariis
2196 2893 2569 2962 inscriptiones
2597 2894 2778 2963 posuit

557 3002 581 3026 ιε
617 2986 806 3050 ¹..guil-fus
840 2980 1066 3034 Beatum
1101 2998 1131 3033 a
1164 2981 1383 3035 Cellino
1416 2981 1753 3034 denominat.
1819 2981 1968 3036 Haec
1997 2993 2137 3044 sunt,
2166 2982 2231 3034 ad
2260 2999 2353 3035 vas
2379 2984 2774 3054 crystallinum:
2811 2966 2815 2970 Δ

553 3098 557 3106 .
593 3071 729 3118 :ists-e
770 3071 957 3123 cineres
993 3071 1051 3125 Β.
1092 3070 1312 3123 Thomae
1353 3069 1667 3123 Castelleonii
1705 3088 1736 3123 a
1780 3069 1973 3124 Cellino
2011 3072 2061 3125 5.
2089 3070 2145 3124 P.
2175 3071 2445 3125 Francisci
2472 3072 2778 3143 discipuli»;

553 3186 557 3206 ι
593 3167 597 3206 ῑ
645 3158 945 3229 :uliquiaria
1000 3157 1209 3227 lignea:
1255 3177 1282 3207 α
1309 3160 1390 3212 Ex
1429 3161 1600 3212 tum‘ca
1637 3160 1779 3213 Beati
1826 3160 2045 3213 Thomas
2083 3177 2116 3212 a
2156 3159 2348 3213 Cellino
2391 3160 2562 3214 Sancti
2613 3163 2778 3216 Patris

589 3249 797 3301 ...n-sset·
834 3247 1136 3318 discipuli»,
1175 3260 1250 3300 et:
1294 3268 1320 3296 «
1347 3249 1426 3301 Ex
1463 3249 1675 3302 linteolis
1711 3251 1765 3301 in
1803 3252 1980 3319 quihus
2020 3250 2298 3303 involutum
2332 3258 2397 3303 est
2427 3260 2603 3321 corpus
2635 3252 2778 3305 Beati

557 3350 565 3378 -·
601 3338 605 3344 “
657 3355 760 3389 amre
796 3354 827 3389 a
870 3335 1060 3390 Cellino
1097 3337 1147 3391 S.
1186 3336 1244 3391 P.
1284 3336 1470 3389 Franc.
1512 3338 1835 3407 Discipuli».

673 3425 755 3494 (a)
787 3423 941 3477 Folio
968 3425 1254 3478 chartaceo
1278 3425 1535 3493 operculo
1557 3424 1940 3494 congl'utinato
1962 3425 2179 3478 saeculo
2202 3440 2345 3479 xv111
2367 3425 2467 3479 fuit
2486 3427 2774 3496 scriptum:

677 3531 865 3566 mrum
900 3513 1026 3566 liber
1062 3531 1204 3583 quem
1244 3515 1295 3565 in
1325 3513 1556 3579 facienda
1596 3532 1647 3566 re
1672 3513 1850 3566 divina
1878 3520 2311 3567 contrectaverunt
2340 3516 2643 3568 venerabiles
2670 3533 2777 3567 ma-

573 3642 593 3653 ,.
673 3606 717 3654 Η.
755 3603 974 3656 Thomae
1016 3602 1335 3656 Castelleonei
1373 3620 1403 3653 α
1446 3601 1656 3667 Cellirw,
1695 3604 1817 3655 socii
1846 3611 1891 3656 et
1929 3603 2163 3673 discipuli
2186 3602 2358 3657 Sancti
2390 3605 2651 3658 Francisct'
2677 3605 2777 3658 As-

621 3698 713 3746 ,ηπ-ι’
751 3695 945 3762 eiusque
980 3695 1113 3744 vitae
1151 3691 1455 3744 celeberrimi
1491 3693 1747 3762 scriptoris
1772 3713 1817 3744 ».
1886 3692 2095 3745 Eadem
2133 3710 2325 3745 manus
2371 3709 2511 3764 quae
2554 3693 2778 3765 inscrip-

537 3802 546 3810 ·
621 3811 625 3813 2
669 3802 705 3834 :5
740 3783 1169 3853 reliquiariorum
1202 3782 1453 3844 exaravit,
1474 3781 1704 3835 addidit:
1742 3802 1767 3830 «
1795 3782 1875 3834 Ex
1895 3788 2135 3835 conventu
2163 3782 2460 3834 monialium
2490 3782 2543 3839 S.
2575 3783 2779 3836 Ioannis

557 3894 561 3898 ”
633 3878 645 3914 ,·“
673 3889 789 3925 ¹stro
828 3874 992 3925 inusso
1031 3889 1088 3924 ac
1125 3870 1364 3925 destructo
1405 3871 1672 3924 translatus
1696 3891 1743 3924 ».

681 3966 756 4027 της)
801 3980 828 4009 «
852 3960 1001 4013 Sulla
1041 3973 1196 4030 porta
1233 3961 1286 4011 di
1326 3960 1380 4012 S.
1420 3960 1727 4012 Francesco
1768 3958 1819 4011 di
1861 3958 2094 4024 Celan0‚
2139 3960 2411 4012 abbattuta
2451 3959 2610 4030 pochi
2651 3960 2780 4013 anni

577 4070 585 4078 w
650 4064 784 4111 mm,
824 4048 863 4099 si
902 4048 1109 4100 vedeva
1148 4049 1202 4100 in
1243 4047 1534 4117 pregevole
1563 4046 1791 4100 affresco
1825 4047 2065 4117 effigiato
2107 4048 2142 4100 il
2174 4048 2343 4102 Santo
2374 4048 2643 4101 Patriarca
2672 4065 2780 4102 con

641 4162 645 4166 ·
681 4162 713 4190 u
750 4137 995 4191 il·Beato
1037 4136 1343 4190 Tomtnaso
1390 4151 1581 4191 avente
1631 4141 1683 4190 in
1728 4154 1893 4190 mano
1935 4155 2005 4189 un
2057 4138 2192 4191 libro
2243 4138 2385 4191 colla
2435 4139 2616 4192 scritta
2657 4140 2781 4193 Dias

737 4226 943 4290 Questa
989 4228 1182 4297 pittura
1223 4228 1310 4281 del
1349 4227 1530 4281 secolo
1570 4242 1671 4281 xiv
1714 4229 2019 4281 rimoutava
2052 4230 2399 4281 nientemeno
2427 4229 2698 4299 all'epoca
2722 4229 2778 4282 in

541 4354 545 4358 .
593 4358 617 4366 ,,
673 4334 833 4370 :enne
874 4319 1130 4371 costruita
1170 4318 1348 4389 quella
1389 4330 1614 4389 porta»,
1656 4318 1928 4383 masur,
1968 4332 2044 4389 ορ.
2086 4321 2187 4383 cit„
2228 4338 2277 4390 p.
2319 4335 2404 4374 20.
2431 4347 2463 4359 -
2493 4317 2579 4373 Cf.
2626 4318 2781 4373 Con·

595 4435 597 4437 ·
637 4425 785 4471 :az-³1,
823 4408 855 4462 l.
897 4426 957 4475 c.,
997 4424 1045 4476 p.
1092 4423 1211 4478 170.
