3142 4875
258 311 338 378 424
564 312 772 361 mitratis
803 314 849 362 nr.
878 313 1071 362 uitricum>

1166 422 1378 430 -.-————·

257 545 354 617 Nam
369 544 471 641 quod
491 543 579 617 nulli
599 545 760 618 feminae
787 545 892 618 alteri
922 546 1019 629 fecit,
1046 546 1094 618 ad
1122 546 1375 618 obedientiam

256 676 338 723 eam
354 652 528 748 suscepit,
541 653 603 749 pia
616 654 818 725 devotione
832 654 1044 726 concedens
1059 655 1093 725 ei
1108 652 1298 749 religionis
1313 654 1374 724 ha-

255 759 384 841 bitum,
406 758 570 832 tunicam
589 759 763 832 videlicet
781 777 897 856 atque
916 761 1106 832 chordam
1165 760 1260 832 Cum
1281 760 1373 831 haec

255 864 317 936 die
336 866 498 961 quadam
518 889 588 961 pro
607 867 718 938 rebus
745 866 815 938 sibi
840 867 1061 964 opportunis
1088 869 1262 939 solarium
1283 892 1372 939 suae

254 971 409 1045 cellulae
436 973 678 1055 ascendisset,
710 973 932 1069 impulsione
958 975 1202 1070 phantastica,
1233 973 1372 1045 crudeli
1407 1003 1423 1065 5

255 1103 343 1152 casu
382 1078 520 1150 corruit
555 1104 669 1175 super
705 1097 852 1152 terram.
917 1079 1055 1177 Sicque
1091 1081 1188 1176 pede
1224 1079 1373 1177 penitus

253 1209 338 1257 curn
367 1210 475 1258 crure
493 1186 693 1266 confracto,
718 1187 870 1284 insuper
888 1213 910 1258 a
929 1187 1114 1283 positione
1138 1213 1205 1259 sua
1224 1212 1272 1259 ex
1292 1205 1372 1259 toto

254 1317 294 1364 se
310 1292 486 1364 humerus
500 1293 759 1389 sequestravit.
819 1294 991 1390 Cumque
1011 1321 1079 1392 per
1097 1295 1234 1367 multos
1252 1319 1372 1366 annos

253 1397 402 1493 elapsos
430 1399 686 1472 universorum
715 1400 823 1496 virgo
853 1401 990 1474 Christi
1019 1401 1209 1499 ignoraret
1236 1402 1372 1497 adspe-

253 1522 346 1587 ctus
376 1521 415 1578 et
442 1530 591 1602 semper
609 1532 650 1578 se
670 1507 924 1603 ignoraturam
946 1508 1090 1581 firmum
1111 1509 1266 1580 haberet
1285 1533 1373 1603 pro·
1411 1536 1453 1582 ro

257 1611 431 1708 positum,
453 1613 558 1709 quasi
574 1631 727 1685 truncus
746 1639 858 1711 super
877 1632 1012 1687 terram
1036 1617 1160 1687 iacens
1181 1634 1221 1687 et
1239 1614 1373 1686 nullius

252 1718 420 1791 solamen
434 1719 647 1800 admittens,
664 1745 740 1817 quo
755 1746 795 1792 se
811 1737 973 1794 verteret
989 1721 1189 1794 nesciebat.
1242 1720 1372 1792 Cuius·

251 1827 338 1898 dam
355 1824 564 1900 Cardinalis
581 1827 680 1899 iussu
696 1845 735 1899 et
750 1827 1010 1925 religiosorum
1031 1827 1185 1901 consilio
1204 1828 1252 1900 ad
1272 1828 1372 1899 sran-

250 1934 417 2030 gendum
454 1957 641 2006 carcerem
671 1936 888 2032 cogebatur,
922 1952 960 2007 ut
990 1935 1144 2008 alicuius
1173 1933 1372 2031 religiosae

252 2038 412 2112 feminae
440 2039 573 2112 solatio
606 2042 798 2120 frueretur,
831 2042 959 2114 mortis
988 2042 1191 2138 periculum
1221 2067 1368 2124 cavens,
1410 2070 1451 2135 15

251 2147 351 2242 quod
381 2172 448 2244 per
477 2146 655 2220 incuriam
684 2164 722 2220 et
752 2148 965 2245 neglectum
985 2150 1155 2223 accidere
1174 2149 1368 2245 potuisset.

251 2252 335 2348 ipsa
355 2279 445 2325 vero
464 2254 536 2326 hoc
556 2255 679 2327 facere
707 2255 856 2351 penitus
884 2281 1056 2340 renuens,
1089 2256 1208 2328 modis
1236 2253 1372 2352 quibus

251 2376 398 2457 poterat
427 2361 633 2443 resistebat,
658 2363 784 2434 nevel
813 2363 861 2436 ad
891 2362 1076 2436 modicum
1106 2379 1234 2434 votum
1262 2387 1371 2434 suum

249 2468 485 2563 contingeret
523 2467 672 2542 violare.
738 2469 991 2542 Miserationis
1028 2470 1184 2567 proinde
1221 2470 1370 2542 divinae

248 2574 407 2671 pedibus
431 2576 569 2647 obnixe
592 2576 832 2672 provolvitur,
855 2594 893 2649 et
918 2577 988 2674 piis
1016 2575 1257 2673 querimoniis
1285 2577 1371 2648 bea·
1407 2603 1451 2647 20

249 2679 392 2752 tissimo
422 2682 514 2777 patri
549 2682 755 2763 Francisco‚
779 2710 862 2755 cum
884 2710 969 2756 sero
989 2685 1127 2757 sactum
1152 2700 1261 2761 esset,
1285 2708 1370 2754 con-

250 2788 434 2883 queritur:
463 2788 716 2873 Sanctissime,
739 2790 867 2886 inquit,
891 2792 939 2863 mi
960 2809 1075 2888 pater,
1099 2792 1161 2887 qui
1181 2810 1370 2862 tantorum

249 2895 534 2969 necessitatibus
555 2896 691 2992 ubique
711 2897 877 2995 benigne
893 2899 1079 2983 subvenis,
1096 2923 1191 2994 quos
1206 2897 1241 2968 in
1258 2921 1370 2969 carne

248 3001 392 3097 positus
421 3003 624 3085 nesciebas,
657 3029 722 3075 cur
751 3004 839 3075 mihi
870 3003 1107 3079 miserrimae.
1140 3029 1236 3101 quae
1265 3019 1369 3075 tuam

249 3106 498 3181 dulcissimam
529 3111 687 3205 gratiam
718 3128 920 3207 utcumque
939 3128 976 3184 te
996 3111 1143 3183 vivente
1168 3110 1367 3207 promerui,
1405 3138 1445 3203 25

249 3238 323 3286 non
354 3216 560 3287 succurris?
591 3216 752 3312 Oportet
773 3217 884 3301 enim,
909 3234 949 3289 ut
967 3219 1097 3295 cernis
1120 3220 1230 3291 beate
1249 3233 1366 3313 pater,

247 3339 310 3394 aut
339 3339 483 3395 mutare
512 3324 755 3419 propositum,
779 3344 844 3397 aut
873 3324 1003 3397 mortis
1031 3326 1154 3398 subire
1180 3323 1367 3396 iudicium.

250 3428 422 3525 Cumque
451 3455 643 3502 sermones
672 3431 927 3503 huiuscemodi
949 3432 1061 3504 corde
1081 3448 1194 3527 atque
1221 3455 1285 3503 ore
1315 3456 1367 3503 re-

248 3533 424 3621 volveret,
448 3556 485 3609 et
505 3536 755 3610 miserandum
776 3538 950 3611 affectum
972 3538 1212 3637 ingeminatis
1229 3537 1369 3634 singul·

247 3642 346 3714 tibus
374 3644 546 3741 aperiret,
578 3644 701 3716 subito
730 3663 839 3741 capta
859 3670 1006 3742 sopore,
1029 3645 1129 3718 venit
1149 3646 1184 3717 in
1210 3669 1368 3716 excessu
1402 3672 1447 3736 30

247 3750 391 3822 mentis
459 3750 508 3823 Et
537 3777 624 3823 ecce
663 3752 953 3849 benignissimus
989 3769 1105 3849 pater,
1137 3752 1369 3824 vestimentis

245 3855 389 3953 gloriae
418 3857 650 3942 candidatus,
683 3883 832 3932 carcere
861 3862 895 3931 in
926 3860 1087 3931 obscuro
1121 3857 1365 3940 descendens,

320 4120 342 4173 3.
362 4104 413 4156 ΡΑ
436 4122 485 4155 om.
508 4104 573 4157 haec
675 4120 698 4174 7.
720 4105 770 4158 ΡΑ
793 4123 840 4157 οηι,
863 4104 970 4174 insuper
1062 4106 1085 4157 8.
1107 4105 1369 4175 Cumque-annos]

248 4182 300 4233 ΡΑ
319 4184 389 4235 Cum
405 4185 485 4248 igitur
499 4201 545 4253 per
559 4184 658 4238 multos
669 4186 722 4237 iam
734 4202 820 4237 annos
899 4202 936 4238 ro.
949 4202 976 4237 se
991 4185 1188 4255 ignoraturam]
1203 4185 1252 4237 ΡΑ
1264 4185 1371 4238 nescire

251 4276 287 4324 13.
309 4262 471 4329 (lardinalisl
494 4263 518 4315 F
525 4265 547 4316 A
569 4265 659 4329 magni
680 4264 790 4333 praelati
869 4264 905 4317 16.
922 4265 1056 4333 accidere]
1073 4264 1121 4316 ΡΑ
1137 4264 1277 4315 incurrere
1290 4262 1371 4316 facile

250 4350 340 4405 17·¹9·
358 4341 587 4410 modis-violare]
605 4344 652 4395 ΡΑ
666 4361 701 4395 ne
716 4344 818 4395 veniret
832 4356 924 4396 contra
940 4357 1034 4395 votum
1049 4342 1139 4396 modis
1154 4343 1250 4413 quibus
1264 4355 1372 4412 poterat

245 4416 407 4468 renitebatur
483 4436 515 4487 30
545 4422 592 4473 ΡΑ
613 4438 752 4474 excessum
