3142 4875
597 333 701 381 nourr
729 331 915 381 rnuucrscr
1240 328 1308 401 271

198 440 437 447 ...———-.-——-—-
453 441 460 446 -
484 441 525 447 --
538 443 558 446 -.
568 441 1314 451 ..w-mm*—

195 563 413 645 laudandus
432 561 536 635 cuius
553 564 716 636 incertus
731 580 789 635 est
803 563 937 635 exitus.
991 564 1316 663 Quandocumque

195 672 344 764 mutu[o
373 674 610 765 concessum]
645 671 791 742 auferre
826 671 986 744 voluerit
1020 672 1082 767 qui
1120 672 1313 757 concessit,

195 776 326 857 solum,
358 775 486 872 inquit,
525 802 660 874 corpus
696 792 733 848 et
769 778 895 850 anima
931 779 1187 864 remanebunt,
1220 805 1317 875 quae

196 881 353 955 infidelis
382 882 493 955 etiam
533 883 710 980 possidet.
784 884 857 956 Ista
886 884 1037 980 quidem
1066 884 1314 958 laudantibus,

148 1014 165 1077 5
195 988 258 1060 Ad
275 1015 315 1062 se
329 1006 454 1061 autem
471 990 540 1061 sic:
559 991 711 1062 Latroni
732 1005 836 1063 tanta
851 990 1068 1065 contulisset
1087 990 1313 1076 Altissimus,

197 1095 338 1191 gratior
366 1114 403 1169 te
433 1097 536 1180 soret,
569 1097 779 1169 Francisce.

622 1311 888 1318 Ἥ

341 1495 486 1590 [Verba
514 1469 640 1568 contra
667 1523 702 1569 se
731 1497 954 1593 laudantes}
1012 1496 1166 1571 XCVII.

282 1731 364 1801 134.
387 1707 549 1782 Dicebat
568 1725 692 1781 autem
713 1708 886 1782 fratribus
906 1734 1038 1805 saepe:
1060 1708 1120 1781 De
1148 1709 1248 1781 omni
1269 1734 1316 1781 eo

196 1816 297 1911 quod
326 1832 503 1912 peccator
531 1833 654 1913 potest
685 1841 795 1887 nemo
815 1816 884 1887 sibi
905 1816 1017 1887 debet
1037 1815 1165 1911 iniquo
1184 1817 1316 1911 plausu

127 1945 165 1992 10
195 1922 364 1995 blandiri.
423 1923 612 2006 Peccator,
645 1922 705 2005 ait,
728 1922 895 1994 ieiunare
913 1937 1047 2018 potest,
1075 1946 1193 2005 orare,
1215 1922 1317 2018 plan·

195 2055 297 2126 gere,
329 2054 478 2101 carnem
517 2030 704 2125 propriam
743 2053 945 2106 macerare.
1010 2028 1093 2100 Hoc
1123 2053 1212 2099 vero
1242 2055 1315 2101 non

195 2153 328 2231 potest,
361 2135 527 2207 Domino
557 2161 626 2207 suo
646 2136 766 2207 fidelis
785 2135 980 2208 exsistere.
1039 2136 1169 2230 ltaque
1189 2134 1225 2206 in
1245 2136 1317 2207 hoc

195 2242 430 2339 gloriandum
461 2261 527 2325 est,
560 2242 590 2313 si
619 2268 725 2315 suam
754 2241 841 2314 Deo
869 2242 1026 2339 gloriam
1052 2242 1253 2325 reddimus,
1284 2242 1315 2314 si

195 2349 352 2421 fideliter
381 2348 596 2432 servientes
616 2347 684 2446 ipsi
714 2348 894 2445 quidquid
923 2349 1038 2421 donat
1057 2348 1312 2421 adscribimus.
1413 2351 1417 2356 ’

130 2476 167 2543 15
196 2456 317 2529 Maior
344 2456 505 2529 hominis
534 2456 703 2529 inimicus
732 2482 820 2529 caro
848 2474 915 2529 est.
978 2457 1078 2529 Nihil
1106 2458 1316 2554 recogitare

198 2564 299 2636 novit
328 2581 368 2635 ut
395 2563 532 2646 doleat,
569 2562 672 2661 [nihil
702 2580 741 2635 ut
769 2565 899 2637 timeat
927 2563 1175 2661 praevidere].
1233 2564 1316 2635 Stu-

196 2670 297 2742 dium
331 2670 410 2743 eius
443 2671 544 2743 abuti
574 2669 845 2767 praesentibus.
904 2672 1017 2766 Quod
1051 2688 1176 2743 autem
1210 2670 1317 2767 peius

196 2793 262 2860 est,
294 2778 386 2873 ipsa,
419 2777 549 2874 inquit,
580 2777 649 2850 sibi
680 2795 844 2874 usurpat,
867 2780 946 2875 ipsa
966 2777 1003 2850 in
1023 2802 1128 2850 suam
1156 2777 1315 2873 gloriam

197 2886 370 2957 transfert
399 2885 500 2979 quod
523 2909 596 2956 non
619 2884 687 2957 sibi
709 2886 774 2957 sed
794 2886 943 2958 animae
963 2885 1090 2957 datum
1105 2899 1173 2955 est.
1232 2885 1317 2980 Ipsa

128 3009 169 3056 20
197 2989 244 3063 de
262 2991 461 3063 virtutibus
491 2990 687 3089 laudIem],
710 2992 758 3063 de
786 2991 924 3089 vigiliis
943 3007 981 3063 et
1009 2990 1239 3064 orationibus
1267 2992 1316 3063 la·

196 3122 323 3169 vorem
353 3096 470 3193 carpit
489 3098 751 3171 extrinsecum.
810 3097 911 3171 Nihil
930 3097 1077 3170 animae
1105 3096 1317 3194 relinquens

198 3204 342 3300 quaerit
369 3221 407 3276 et
436 3206 484 3277 de
513 3203 673 3277 lacrimis
702 3203 865 3277 obolum.

252 3613 322 3685 De
351 3610 1025 3709 occultatione'stigmatum.
1083 3611 1255 3684 XCVIII.

282 3846 365 3918 135.
397 3824 461 3897 Illa
490 3850 581 3896 vero
612 3824 789 3896 Crucifixi
819 3822 993 3921 insignia,
1021 3823 1175 3894 summis
1203 3822 1316 3895 etiam

129 3949 167 4014 25
197 3931 385 4028 spiritibus
412 3932 638 4014 veneranda,
671 3933 724 4005 las
754 3956 827 4003 non
857 3948 913 4002 est
941 3929 1088 4002 silentio
1114 3928 1316 4026 praeterire

268 4158 291 4195 2.
320 4154 414 4194 mutuo
442 4139 612 4207 concessum]
639 4140 664 4191 A
689 4152 814 4193 mutuum
886 4138 990 4192 auferre
1018 4138 1145 4207 voluerit]
1174 4140 1195 4191 R
1224 4149 1317 4189 auctor

197 4222 341 4274 reuoluent
412 4238 434 4291 3.
453 4221 477 4274 A
498 4220 618 4273 animam
696 4234 717 4284 5.
739 4221 758 4274 R
779 4219 887 4271 Latroni
901 4218 948 4288 (sl)
961 4231 1034 4271 tanta
1109 4236 1147 4271 11.
1164 4220 1314 4288 propriam]

198 4303 226 4354 sl
244 4318 320 4354 suam
415 4317 454 4369 13,
476 4300 608 4371 gloriam]
633 4302 652 4354 R
674 4299 782 4353 laudem
882 4298 920 4353 16.
940 4300 964 4352 A
984 4318 1032 4353 om.
1052 4297 1315 4367 nibli-praevidere

201 4382 238 4434 18.
258 4382 290 4435 M
305 4400 354 4436 om.
373 4380 460 4451 inquit
533 4396 576 4434 20.
595 4380 716 4449 laudem]
736 4381 761 4433 A
782 4379 892 4431 laudare
965 4395 1007 4445 24.
1027 4382 1047 4434 R
1067 4380 1126 4449 Ipsa
