3142 4875
628 372 800 421 LEGENDA
828 372 996 423 SECUNDA

415 712 544 811 [Ve'sz’a
571 713 751 809 quaedam
779 712 833 784 ad
856 712 1200 785 commendationem

527 820 696 917 Regalae
709 818 890 917 faee'ens].
949 817 1082 891 CLIX.

329 1054 414 1124 209.
432 1030 536 1104 Vidit
561 1031 763 1129 aliquando
782 1048 890 1129 pater
908 1031 1165 1104 sanctissimus
1182 1031 1367 1106 visionem

246 1138 459 1236 quamdam,
480 1139 631 1211 caelesti
653 1139 831 1211 miraculo
846 1138 993 1221 saetam,
1011 1141 1059 1212 ad
1079 1138 1266 1240 Regulam
1287 1164 1368 1236 per-

248 1247 440 1319 tinentem.
497 1245 687 1343 Tempore
708 1267 783 1342 quo
798 1244 846 1317 de
865 1245 1014 1343 Regula
1034 1245 1288 1320 confirmanda
1309 1245 1368 1319 fie-
1400 1272 1418 1336 5

249 1357 312 1425 bat
326 1352 423 1425 inter
442 1353 572 1426 fratres
592 1351 750 1432 collatio,
772 1368 904 1425 sancto
919 1353 967 1426 de
986 1351 1197 1426 huiusmodi
1215 1352 1368 1451 negotio

248 1461 489 1532 vehementer
504 1458 661 1532 sollicito
676 1459 765 1532 talia
779 1475 1033 1532 monstrantur
1053 1458 1089 1531 in
1105 1460 1257 1533 somnis.
1306 1459 1369 1532 Vi·

248 1567 405 1638 debatur
433 1565 502 1638 sibi
531 1567 578 1639 de
607 1583 705 1639 terra
725 1564 840 1638 micas
859 1591 998 1663 panum
1019 1566 1278 1639 subtilissimas
1298 1565 1369 1639 col·

247 1672 395 1770 legisse,
426 1673 624 1769 multisque
654 1671 832 1746 famelicis
859 1672 1033 1746 fratribus
1065 1672 1187 1770 ipsum
1217 1673 1368 1746 circum·

248 1778 431 1852 stantibus
446 1779 584 1854 debere
599 1780 774 1852 tribuere.
825 1778 997 1876 Cumque
1013 1780 1128 1857 micas
1142 1796 1219 1853 tam
1234 1796 1368 1853 tenues
1404 1804 1444 1849 10

248 1887 468 1959 distribuere
497 1886 723 1969 formidaret,
756 1884 891 1958 timens
920 1913 967 1959 ne
996 1886 1091 1959 inter
1119 1912 1251 1959 manus
1271 1886 1366 1960 exci-

248 1994 380 2066 derent
408 1994 581 2090 pulveres
609 2011 685 2065 tam
715 1991 857 2076 minuti,
890 2019 964 2065 vox
996 1993 1030 2066 ei
1064 1993 1227 2090 desuper
1259 1993 1369 2066 incla-

249 2101 391 2173 mabat:
424 2100 631 2182 Francisce,
665 2124 776 2171 unam
806 2100 854 2172 de
874 2100 978 2172 micis
1006 2100 1180 2174 omnibus
1208 2101 1368 2173 hostiam

249 2206 400 2290 confice,
431 2232 475 2281 ac
505 2208 732 2281 manducare
760 2207 973 2279 volentibus
1000 2207 1122 2280 tribue
1143 2208 1368 2280 manducan-

248 2314 345 2386 dam.
418 2314 505 2407 Quo
542 2312 630 2385 illud
664 2330 814 2410 agente,
855 2314 1080 2410 quicumque
1120 2339 1194 2386 non
1232 2314 1368 2387 devote
1405 2337 1413 2379 ι
1423 2338 1440 2401 5

250 2421 467 2518 reciperent,
498 2438 564 2493 aut
592 2438 783 2518 receptum
804 2438 1087 2495 contemnerent
1106 2421 1257 2507 donum,
1280 2448 1368 2493 mox

248 2530 352 2624 lepra
384 2527 508 2600 infecti
548 2529 731 2601 notabiles
759 2528 1001 2624 apparebant.
1073 2529 1222 2601 Recitat
1258 2553 1367 2602 mane

248 2651 398 2707 sanctus
427 2635 520 2709 haec
549 2634 674 2708 omnia
702 2635 823 2719 sociis,
855 2634 986 2708 dolens
1015 2661 1150 2709 senon
1174 2635 1368 2733 percipere

249 2742 466 2837 mysterium
493 2742 656 2815 visionis
715 2743 804 2814 Post
832 2742 1019 2815 modicum
1043 2768 1142 2825 vero,
1165 2768 1249 2815 cum
1278 2741 1369 2840 vigil

249 2850 284 2919 in
313 2849 482 2921 oratione
509 2848 736 2946 persisteret,
758 2849 1149 2948 huius[ce]modivox
1174 2849 1279 2922 caelo
1298 2848 1367 2921 sibi
1399 2871 1444 2918 20

248 2954 402 3052 delapsa
429 2972 502 3028 est:
527 2956 736 3040 Francisce,
769 2955 896 3053 inquit,
930 2956 1048 3029 micae
1078 2955 1196 3028 noctis
1224 2972 1368 3053 praete·

248 3063 339 3135 ritae
364 3063 478 3135 verba
498 3062 716 3159 evangelica
735 3080 833 3145 sunt,
855 3064 977 3135 hostia
996 3063 1155 3162 Regula,
1182 3062 1284 3159 lepra
1304 3061 1368 3135 ini·

249 3167 381 3264 quitas.
438 3169 547 3243 Hanc
575 3169 726 3266 quidem
756 3195 868 3266 quam
898 3170 1110 3244 iuraverant
1137 3169 1259 3253 fidem,
1293 3195 1367 3242 non

249 3278 378 3348 duram
408 3276 467 3348 vel
495 3301 667 3373 asperam
697 3277 828 3349 fratres
858 3277 1001 3350 illorum
1019 3294 1231 3373 temporum
1260 3302 1367 3373 repu-

249 3384 388 3468 tabant,
419 3382 481 3479 qui
509 3399 617 3457 erant
644 3384 692 3456 ad
721 3383 848 3456 omnia
877 3408 1150 3482 supererogare
1170 3385 1367 3481 promptis·
1398 3407 1438 3471 25

249 3490 344 3568 simi.
401 3491 535 3586 Neque
554 3490 653 3563 enim
673 3488 834 3587 languor
854 3491 912 3564 vel
932 3490 1076 3563 desidia
1095 3491 1217 3563 locum
1240 3491 1364 3574 habet,

250 3597 310 3668 ubi
339 3597 478 3670 amoris
506 3596 676 3669 stimulus
705 3622 854 3693 semper
876 3599 923 3669 ad
953 3598 1094 3670 maiora
1121 3613 1311 3696 perurget.

319 3876 344 3925 4.
365 3861 395 3912 M
411 3859 522 3913 oraculo
596 3858 848 3913 20.Ahuiusmodi
922 3858 1008 3912 21.M
1019 3860 1122 3931 dilapsa
1191 3874 1221 3931 23
1246 3858 1367 3930 quidem]

251 3944 278 3992 u
297 3941 376 4011 igitur
395 3949 418 3994 et
436 3942 479 4010 leg.
500 3941 664 3993 intraverant
