3142 4875
601 365 706 415 BEATI
734 362 920 415 FRANCISCI
1247 363 1314 432 191

1056 473 1319 481 —————-

200 608 286 690 post
315 592 449 667 multos
477 595 558 668 dies
586 594 807 695 religionem
843 597 963 670 iibens
1001 596 1203 695 egreditur,
1235 622 1320 670 con-

199 696 355 773 vertitur
382 702 431 774 ad
459 701 659 787 saeculum,
691 703 889 777 revertitur
916 704 961 776 ad
992 704 1185 777 vomitum.
1243 703 1320 798 Qui

199 807 352 880 tandem
381 806 546 883 facinora
572 808 776 908 duplicans»,
808 810 1038 907 poenitentia
1061 810 1170 884 simul
1189 826 1228 885 et
1245 810 1321 885 vita

81 983 85 989 .
201 912 365 1010 privatus
400 932 467 988 est.
540 916 719 991 Cavenda
755 942 904 1015 semper
937 917 1185 1016 singularitas,
1223 943 1321 1014 quae

149 1048 168 1112 5
201 1018 290 1093 nihil
309 1021 409 1094 aliud
428 1048 540 1119 quam
561 1022 755 1119 pulchrum
775 1023 1033 1122 praecipitium
1053 1040 1121 1098 est.
1165 1023 1226 1098 De
1246 1049 1321 1120 qua
1396 1102 1400 1111 .

202 1127 368 1223 pluribus
395 1128 644 1228 singularibus
673 1131 932 1227 experimento
952 1131 1121 1217 innotuit,
1144 1131 1320 1227 quoniam

200 1233 408 1307 ascendunt
427 1262 545 1333 usque
569 1238 617 1310 ad
646 1237 770 1311 caelos
798 1253 836 1312 et
863 1238 1098 1312 descendunt
1124 1263 1244 1335 usque
1271 1238 1320 1310 ad

200 1341 369 1435 abyssos,
426 1342 613 1419 Virtutem
633 1343 872 1417 nihilominus
891 1345 1051 1420 devotae
1077 1342 1321 1420 consessionis

201 1449 365 1533 attende,
387 1474 483 1545 quae
504 1475 578 1524 non
598 1449 718 1524 solum
734 1467 904 1526 sanctum
920 1451 1034 1526 efficit
1048 1453 1116 1526 sed
1143 1451 1317 1525 ostendit

629 1665 895 1674 ———----—-

131 1857 173 1905 10
205 1842 356 1941 [Simile
370 1844 583 1939 dequodam
596 1844 682 1917 olio.
728 1844 868 1917 Contra
881 1844 1218 1942 singularitatem}
1258 1845 1318 1916 ΙΙΙ.

286 2072 345 2138 29.
376 2047 503 2120 Simile
523 2047 712 2145 quoddam
732 2046 868 2120 accidit
887 2047 924 2120 in
943 2046 1016 2120 alio
1035 2048 1148 2120 fratre
1172 2046 1321 2120 nomine

202 2154 351 2229 Thoma
370 2156 418 2228 de
438 2153 603 2251 Spoleto.
662 2154 843 2227 Omnium
862 2154 910 2227 de
930 2154 1011 2250 ipso
1029 2170 1067 2227 et
1085 2178 1177 2227 sana
1194 2155 1321 2250 opinio

203 2279 241 2336 et
280 2261 386 2335 firma
427 2260 613 2335 sententia
653 2260 870 2334 sanctitatis.
941 2261 1002 2332 De
1030 2286 1106 2358 quo
1142 2260 1318 2334 iudicium

206 2368 323 2443 sancti
342 2367 468 2466 patris,
489 2369 591 2466 quod
614 2392 814 2466 perversus
833 2383 923 2454 erat,
954 2367 1142 2466 apostasia
1169 2369 1320 2443 tandem

133 2500 171 2565 15
203 2476 385 2573 probavit.
440 2477 527 2549 Non
547 2476 609 2549 diu
625 2476 798 2560 substitit,
817 2475 994 2573 quianon
1009 2475 1046 2548 in
1066 2475 1220 2573 longum
1240 2501 1322 2573 per-

204 2600 330 2657 manet
348 2583 477 2657 fraude
496 2583 666 2680 quaesita
694 2582 820 2655 virtus.
879 2582 1005 2656 Exivit
1027 2582 1258 2681 religionem,
1282 2597 1322 2656 et

203 2706 308 2763 extra
335 2714 419 2763 eam
449 2705 616 2763 mortuus
646 2690 749 2763 novit
777 2691 891 2763 modo
919 2689 1009 2787 quid
1038 2688 1176 2762 lecerit.

631 2903 897 2910 Ἥ

206 3079 409 3179 [Quomodo
436 3081 541 3176 opud
565 3081 791 3152 Damiatam
816 3079 1122 3153 Christianorum
1158 3088 1321 3176 stragem

475 3198 661 3292 futurum
682 3196 914 3291 praedixiq.
972 3194 1034 3267 lv.

131 3426 175 3473 20
284 3422 343 3493 30.
375 3399 567 3496 Tempore
581 3424 656 3495 quo
675 3397 890 3471 Damiatam
907 3393 1202 3470 Christianorum
1218 3421 1321 3469 exer-

203 3505 296 3579 citus
324 3506 532 3590 obsidebat,
563 3506 693 3579 aderat
721 3522 872 3578 sanctus
899 3504 973 3578 Dei
994 3531 1077 3578 cum
1098 3503 1211 3586 sociis¹
1226 3505 1318 3576 suis:

203 3614 386 3709 siquidem
402 3614 548 3687 fervore
564 3612 729 3708 martyrii
746 3638 848 3687 mare
863 3612 1097 3700 transierant.
1145 3611 1240 3684 Cum
1256 3609 1322 3707 igi-

203 3736 262 3792 tur
276 3722 323 3794 ad
343 3721 443 3794 diem
458 3718 544 3793 belli
565 3719 680 3793 nostri
700 3736 920 3817 pararentur
939 3719 975 3791 in
995 3743 1173 3817 pugnam,
1195 3718 1321 3790 audito

203 3827 274 3900 hoc
310 3843 462 3901 sanctus
496 3827 741 3901 vehementer
775 3825 942 3900 indoluit.
1000 3825 1181 3920 Dixitque
1220 3823 1322 3896 socio

131 3960 172 4028 25
203 3959 288 4006 suo:
320 3933 359 4007 Si
387 3934 451 4007 tali
479 3934 541 4008 die
560 3959 787 4032 congressus
807 3934 880 4018 fiat,
903 3933 1066 4006 ostendit
1086 3931 1174 4003 mihi
1195 3929 1323 4002 Domi-

203 4065 271 4114 nus
290 4067 365 4114 non
390 4041 455 4140 [in]
474 4043 731 4139 prosper[um]
749 4042 884 4113 cedere
901 4039 1131 4113 Christianis.
1180 4038 1321 4110 Verum

276 4268 296 4304 ι,
316 4261 379 4320 post
397 4267 435 4302 m.
453 4248 522 4318 dies]
543 4249 573 4302 Μ
595 4247 680 4301 multo
704 4259 764 4318 post
837 4261 898 4316 4-9.
920 4247 950 4299 Μ
967 4263 1016 4299 om.
1037 4244 1323 4299 Cavenda-ostendit

206 4346 245 4385 12.
264 4333 294 4385 Μ
313 4330 448 4384 Omnium
467 4342 524 4383 erat
539 4330 572 4381 de
590 4329 648 4399 ipso
666 4345 733 4382 sana
826 4343 866 4380 22.
887 4327 908 4380 P
926 4329 1068 4381 transierat
1159 4324 1201 4380 26.
1217 4326 1241 4379 A
1261 4341 1322 4397 pro·

203 4426 280 4481 spere
