3142 4875
257 331 332 398 224
637 333 809 382 LEGENDA
838 333 1005 382 SECUNDA

253 566 450 641 occasione
478 565 602 664 plures
632 566 777 639 duabus
797 565 941 638 tunicas
960 565 1092 640 fratres
1111 568 1261 651 habere,
1283 593 1375 662 quas

253 691 379 748 tamen
400 673 564 746 consutis
583 673 694 771 petiis
714 673 895 746 resarcire
916 674 1099 747 concedit.
1157 672 1375 770 Exquisitos

254 805 400 879 pannos
432 780 584 853 horrere
608 780 712 853 iubet
726 795 764 851 et
793 778 977 852 contraria
997 780 1176 854 facientes
1194 779 1374 853 acerrime

255 912 380 960 coram
401 886 573 959 omnibus
592 887 756 968 mordet;
789 902 903 982 atque
932 902 971 959 ut
990 886 1084 960 tales
1112 911 1181 960 suo
1200 887 1375 983 exemplo

255 994 508 1074 confunderet,
538 1018 650 1090 super
670 992 832 1066 tunicam
853 992 1041 1090 propriam
1070 995 1201 1067 rudem
1231 993 1375 1066 consuit
1406 1018 1423 1083 5

255 1126 419 1182 saccum;
433 1099 469 1173 in
486 1116 606 1173 morte
620 1100 732 1172 etiam
743 1099 997 1195 exsequialem
1014 1099 1176 1173 tunicam
1188 1099 1250 1172 vili
1266 1125 1376 1173 sacco

254 1206 359 1305 petiit
386 1206 533 1304 operiri.
600 1206 792 1280 Fratribus
820 1220 945 1279 autem
975 1231 1070 1302 quos
1097 1223 1251 1304 urgeret
1280 1206 1376 1278 infir·

256 1314 374 1398 mitas,
406 1339 471 1388 seu
494 1315 696 1387 necessitas
724 1312 805 1392 alia.
826 1312 975 1385 mollem
1004 1314 1134 1387 subtus
1158 1314 1206 1387 ad
1226 1338 1376 1387 carnem

256 1420 419 1493 tunicam
448 1418 680 1518 indulgebat,
705 1419 756 1492 ita
783 1436 909 1493 tamen
939 1420 1040 1515 quod
1070 1420 1157 1493 loris
1185 1419 1221 1492 in
1248 1421 1375 1493 habitu

256 1527 437 1624 asperitas
452 1544 490 1600 et
500 1527 621 1600 vilitas
635 1543 856 1599 servaretur.
906 1524 1193 1600 Dicebatenim:
1211 1527 1376 1600 Tantum
1409 1549 1449 1595 ιο

256 1635 378 1708 adhuc
407 1634 590 1707 laxabitur
613 1634 725 1730 rigor,
754 1631 1005 1706 dominabitur
1034 1649 1152 1730 tepor,
1179 1633 1281 1730 quod
1314 1623 1404 1705 filii'

257 1742 432 1838 pauperis
450 1741 566 1839 patris
584 1741 695 1815 etiam
725 1737 965 1812 scarulaticos
993 1757 1153 1838 portare,
1176 1739 1300 1815 colore
1320 1766 1376 1813 so·

258 1849 332 1921 lum
363 1863 516 1931 mutatu,
548 1848 698 1920 minime
727 1848 963 1920 verebuntur.
1022 1847 1107 1919 Non
1145 1847 1221 1931 tibi,
1258 1864 1373 1944 pater,

257 1979 306 2027 ex
334 1955 405 2026 hoc
426 1955 624 2027 mentimur
644 1953 705 2026 filii
734 1953 855 2035 alieni,
879 1953 947 2025 sibi
977 1953 1101 2051 potius
1130 1972 1257 2028 nostra
1277 1979 1376 2027 men·

257 2061 346 2134 titur
365 2061 548 2158 iniquitas.
607 2061 706 2134 Ecce
726 2061 826 2133 enim
846 2059 928 2132 luce
958 2059 1091 2134 clarius
1112 2061 1320 2144 innotescit,
1337 2075 1375 2133 et
1408 2084 1445 2149 15

258 2169 391 2241 crescit
419 2169 455 2241 in
485 2168 574 2240 dies.

315 2500 542 2594 [Recedcntes
561 2524 584 2569 a
595 2507 817 2594 paupertate
835 2522 858 2568 a
879 2499 1084 2568 necessitate
1101 2498 1335 2594 corrz’gendus

613 2614 871 2709 pronuntiat}
930 2612 1011 2683 XL.

343 2838 400 2909 70.
432 2818 723 2912 Nonnumquam
753 2815 864 2889 etiam
895 2817 988 2889 haec
1018 2815 1273 2913 ingeminabat
1296 2843 1377 2890 san-

259 2942 358 2998 ctus:
383 2924 574 3018 Quantum
595 2925 726 2996 iratres
746 2923 1026 2996 declinabunta
1047 2940 1278 3020 paupertate,
1300 2941 1378 2996 tan·
1405 2948 1443 2994 20

258 3048 337 3104 tum
367 3032 527 3104 mundus
555 3031 755 3104 declinabit
783 3031 830 3102 ab
859 3030 922 3112 eis,
959 3045 997 3102 et
1024 3047 1216 3125 quaerent,
1247 3031 1375 3127 inquit,

259 3157 297 3211 et
326 3164 400 3210 non
430 3138 628 3211 invenient.
687 3138 762 3224 Sed
792 3137 820 3208 si
851 3136 1041 3208 dominam
1072 3163 1192 3209 meam
1222 3163 1378 3235 pauper·

258 3262 373 3318 tatem
410 3243 594 3341 complexi
634 3245 778 3326 fuerint,
815 3243 976 3315 mundus
1011 3269 1077 3315 eos
1114 3243 1261 3330 nutriet,
1292 3245 1379 3341 quia

259 3353 399 3425 mundo
436 3352 512 3424 dati
555 3368 640 3423 sunt
681 3352 728 3424 ad
766 3349 934 3424 salutem.
993 3350 1041 3422 Et
1080 3351 1231 3423 iterum:
1270 3352 1377 3424 Com-

259 3461 436 3532 mercium
472 3476 528 3531 est
558 3459 653 3531 inter
681 3458 860 3529 mundum
896 3475 933 3529 et
961 3458 1110 3539 iratres;
1142 3457 1281 3531 debent
1309 3457 1377 3555 ipsi
1405 3484 1439 3547 25

258 3568 398 3640 mundo
428 3569 567 3639 bonum
596 3566 821 3661 exemplum,
844 3566 956 3636 debet
985 3565 1145 3636 mundus
1173 3564 1227 3636 eis
1255 3565 1379 3661 provi-

258 3675 401 3747 sionem
433 3673 705 3746 necessitatum.
765 3672 929 3765 Quando
964 3671 1032 3766 ipsi
1062 3672 1285 3744 retraxerint
1316 3672 1378 3744 bo·

259 3808 346 3852 num
363 3781 576 3876 exemplum
597 3779 670 3851 fide
691 3778 855 3861 mentita,
879 3777 1033 3850 retrahit
1054 3778 1213 3850 mundus
1228 3803 1377 3852 manum

258 3886 354 3960 iusta
374 3913 539 3960 censura.
599 3885 810 3982 Paupertati
847 3910 983 3957 cavens
1013 3886 1125 3957 homo
1154 3886 1226 3958 Dei
1261 3884 1378 3957 multi·

258 3995 425 4067 tudinem
456 3995 655 4075 metuebat,
679 4019 790 4089 quam
812 3992 880 4064 etsi
912 4018 985 4063 non
1010 4017 1069 4064 res
1088 4008 1213 4065 tamen
1234 3991 1377 4090 species
1405 4012 1439 4079 30

259 4100 411 4173 divitem
442 4118 632 4173 monstrat.
692 4099 802 4172 Unde
828 4098 990 4171 dicebat:
1024 4099 1059 4172 O
1089 4099 1119 4171 si
1139 4098 1217 4170 fieri
1237 4117 1374 4195 posset,

331 4327 355 4373 4.
376 4312 513 4379 omnibus]
533 4311 564 4361 ll
579 4310 700 4361 fratribus
779 4326 817 4363 12.
834 4310 853 4361 R
871 4309 1044 4364 sortulaticos
1119 4325 1158 4377 14.
1174 4310 1259 4364 Rom.
1276 4309 1376 4363 exhor

262 4403 303 4440 22.
324 4390 354 4439 ll
370 4410 418 4441 mn.
438 4392 491 4443 Sed
510 4400 531 4443 rt
550 4408 640 4443 mcum
