3142 4875
265 279 340 370 386
567 302 775 351 rnncrn‘rus
805 303 852 349 os
880 302 1074 350 lrrnneuurs

1185 413 1190 416 .
1194 411 1383 418 —.—.-—.-—-

261 557 373 629 super
391 556 518 628 aquas
537 528 641 627 quasi
662 529 746 602 lerri
769 545 900 602 natura
919 554 1028 602 versa
1048 529 1143 602 soret
1160 529 1196 602 in
1216 530 1382 626 ligneam

262 638 463 711 levitatem.

342 747 402 816 82.
439 744 663 841 Peregrinus
697 742 860 839 quidam,
900 740 1082 816 invalidus
1116 768 1274 839 corpore
1312 770 1383 817 nec

263 869 386 924 mente
407 877 520 923 sanus
539 866 692 948 propter
715 850 927 946 phrenesim
957 875 1068 946 quam
1090 851 1209 923 luerat
1234 877 1378 947 passus,

262 985 345 1031 cum
376 983 492 1030 uxore
522 958 605 1030 navi
635 957 813 1038 residens,
851 958 898 1029 de
927 955 1175 1030 ultramarinis
1212 958 1381 1054 partibus
1419 993 1433 1056 5

263 1065 447 1137 veniebat.
508 1063 581 1158 Qui
606 1090 702 1144 cum,
720 1064 880 1136 necdum
896 1063 1059 1159 perfecte
1076 1063 1169 1135 liber
1187 1089 1208 1135 a
1235 1059 1377 1148 morbo,

259 1171 339 1244 sitis
358 1171 573 1243 anxiaretur
590 1170 796 1253 ardoribus
815 1168 1011 1242 deficiente
1032 1170 1104 1243 iam
1124 1195 1232 1267 aqua,
1256 1172 1382 1269 coepit

260 1279 334 1351 alta
353 1303 447 1350 voce
462 1275 642 1351 clamare:
665 1278 719 1349 lte
739 1278 907 1354 fidenter,
926 1276 1071 1350 haurite
1086 1276 1259 1373 poculum
1277 1279 1377 1360 mihi,

258 1385 346 1482 quia
361 1386 493 1456 beatus
508 1384 729 1456 Franciscus
745 1383 935 1456 vasculum
958 1408 1080 1455 meum
1097 1409 1194 1481 aqua
1210 1384 1377 1480 replevit.

260 1491 396 1563 Mirum
418 1492 535 1562 certe!
593 1491 819 1564 Invenerunt
841 1517 906 1564 vas
934 1516 1033 1587 aqua
1061 1490 1254 1588 repletum,
1277 1493 1380 1588 quod
1416 1523 1455 1570 ro

261 1624 417 1671 vacuum
435 1615 473 1670 et
487 1596 596 1671 inane
614 1597 839 1670 dimiserant.
889 1597 976 1670 Alia
991 1623 1081 1669 vero
1096 1597 1156 1670 die
1172 1599 1377 1694 posthaec,

259 1731 343 1776 cum
363 1720 587 1801 tempestate
613 1704 764 1777 suborta
793 1703 1000 1800 operiretur
1019 1704 1124 1776 navis
1151 1704 1323 1778 fluctibus
1341 1721 1380 1777 et

259 1810 430 1909 procellis
449 1827 666 1908 quateretur
685 1810 894 1906 pervalidis,
921 1810 971 1882 ita
1001 1827 1040 1883 ut
1064 1812 1136 1884 iam
1167 1813 1378 1910 naufragari

258 1919 443 2002 timerent,
474 1919 598 2016 coepit
626 1919 725 1990 idem
754 1916 921 1989 infirmus
945 1917 1067 1990 subito
1088 1919 1250 1992 clamore
1280 1919 1380 1992 voci-

260 2025 367 2098 ferari
397 2050 465 2121 per
495 2051 647 2098 navem:
686 2024 838 2120 Surgite
867 2049 1007 2107 omnes
1040 2023 1169 2121 inquit,
1202 2044 1239 2099 et
1267 2027 1380 2101 beato
1417 2058 1452 2123 ¹5

259 2131 459 2204 Francisco
488 2131 649 2205 venienti
679 2131 872 2204 occurrite.
944 2131 1044 2204 Ecce
1079 2133 1126 2204 ad
1160 2132 1378 2205 salvandum

259 2232 463 2312 nos'adest.
522 2239 657 2335 Sicque
687 2264 771 2310 cum
801 2263 892 2310 voce
921 2263 1061 2335 magna
1088 2255 1126 2311 et
1154 2238 1313 2311 lacrimis
1342 2240 1379 2311 in

259 2346 389 2418 faciem
428 2346 627 2442 procidens
663 2343 843 2417 adoravit.
919 2343 1052 2418 Statim
1090 2347 1138 2419 ad
1175 2344 1292 2418 sancti
1329 2346 1379 2418 vi-

258 2453 400 2525 sionem
443 2478 593 2526 omnem
631 2453 850 2549 sospitatem
888 2453 1088 2550 resumpsit
1126 2453 1300 2537 infirmus,
1339 2471 1380 2526 et

260 2560 370 2632 maris
400 2560 467 2631 luit
495 2559 739 2657 tranquillitas
768 2560 978 2632 subsecuta.
1325 2608 1332 2615 -
1411 2593 1454 2640 20

341 2668 402 2759 83.
440 2662 573 2739 Frater
607 2667 764 2739 lacobus
800 2667 992 2752 Reatinus,
1028 2692 1111 2739 cum
1142 2667 1177 2740 in
1208 2667 1379 2741 navicula

258 2772 427 2845 residens
455 2772 567 2845 vellet
586 2773 737 2846 fluvium
757 2775 1009 2855 transvadare,
1040 2774 1151 2846 sociis
1171 2775 1291 2871 primo
1310 2802 1379 2872 po·

258 2879 337 2953 sitis
366 2905 478 2977 super
516 2879 644 2977 ripam,
676 2897 867 2976 postremo
896 2906 936 2953 se
965 2882 1013 2953 ad
1041 2881 1184 2953 exitum
1220 2908 1378 2980 praepa-

258 2989 374 3060 rabat.
432 2986 508 3059 Sed
538 2987 684 3060 modica
713 2986 773 3059 illa
803 2987 916 3071 navis,
941 3003 1019 3060 rate
1043 3013 1111 3084 per
1137 2987 1377 3062 infortunium

258 3095 435 3177 revoluta,
455 3109 600 3166 rectore
617 3109 778 3177 natante,
796 3095 909 3167 irater
927 3095 1142 3167 submersus
1162 3112 1219 3168 est
1240 3096 1276 3169 in
1295 3122 1376 3193 pro·
1410 3124 1449 3189 25

258 3202 423 3273 lundum.
482 3201 709 3273 lnvocabant
732 3200 862 3273 iratres
892 3217 997 3274 extra
1026 3202 1136 3297 positi
1165 3203 1378 3277 affectuosis

257 3307 411 3380 vocibus
430 3308 581 3379 beatum
597 3307 848 3390 Franciscum,
867 3325 905 3380 et
925 3323 964 3380 ut
985 3308 1057 3381 filio
1077 3325 1309 3383 succurreret
1329 3312 1375 3384 la-

259 3413 427 3487 crimosis
455 3413 628 3511 precibus
657 3413 942 3509 compellebant.
1011 3415 1236 3489 Submersus
1263 3416 1375 3490 etiam

258 3523 379 3605 lrater,
397 3522 445 3593 de
464 3539 596 3594 ventre
610 3522 772 3620 gurgitis
789 3521 896 3595 nimis
916 3521 1097 3603 immensi,
1115 3548 1200 3595 cum
1220 3549 1285 3596 ore
1302 3550 1374 3596 non

258 3644 394 3724 posset,
423 3628 536 3701 corde
561 3627 756 3713 clamabat,
787 3646 828 3700 ut
855 3645 1012 3725 poterat.
1084 3629 1133 3702 Et
1154 3655 1253 3713 ecce,
1275 3632 1377 3703 auxi·
1410 3660 1451 3725 30

256 3737 369 3808 liante
390 3733 458 3806 sibi
479 3734 594 3831 patris
614 3735 834 3830 praesentia,
859 3761 925 3831 per
952 3737 1176 3834 profundum
1197 3738 1291 3810 sicut
1311 3763 1378 3834 per

256 3842 398 3916 aridam
427 3838 650 3924 ambulabat,
673 3859 712 3914 et
734 3842 944 3915 demersam
975 3841 1181 3917 naviculam
1211 3843 1373 3941 capiens,

257 3975 341 4021 cum
371 3972 415 4020 ea
444 3947 615 4044 pervenit
642 3950 691 4020 ad
720 3948 831 4021 littus.
889 3949 1060 4023 Mirabile
1080 3949 1199 4022 dictu!
1257 3951 1376 4026 Vesti-

258 4070 383 4128 menta
397 4054 477 4127 eius
493 4054 680 4128 madidata
701 4081 774 4128 non
795 4072 889 4141 sunt,
910 4081 978 4129 nec
992 4081 1113 4153 aquae
1133 4073 1241 4155 gutta
1255 4058 1377 4154 proxi-

257 4162 371 4234 mavit
399 4162 447 4234 ad
477 4162 651 4234 tunicam.
1267 4234 1270 4238 ,
1408 4194 1449 4261 35

331 4405 370 4442 11.
391 4389 444 4441 Aa
461 4390 515 4441 hoc

1563 4278 1569 4373 l
