<?xml version="1.0" encoding="UTF-8"?>
<!DOCTYPE html PUBLIC "-//W3C//DTD XHTML 1.0 Transitional//EN"
    "http://www.w3.org/TR/xhtml1/DTD/xhtml1-transitional.dtd">
<html xmlns="http://www.w3.org/1999/xhtml" xml:lang="en" lang="en">
 <head>
  <title>
</title>
<meta http-equiv="Content-Type" content="text/html;charset=utf-8" />
  <meta name='ocr-system' content='tesseract 3.04.00' />
  <meta name='ocr-capabilities' content='ocr_page ocr_carea ocr_par ocr_line ocrx_word'/>
</head>
<body>
  <div class='ocr_page' id='page_1' title='image "./sfrancisciassis00dogoog_0281.png"; bbox 0 0 3142 4875; ppageno 0'>
   <div class='ocr_carea' id='block_1_1' title="bbox 615 340 1330 430">
    <p class='ocr_par' dir='ltr' id='par_1_1' title="bbox 615 340 1330 430">
     <span class='ocr_line' id='line_1_1' title="bbox 615 340 1330 430; baseline -0.003 -19"><span class='ocrx_word' id='word_1_1' title='bbox 615 362 719 411; x_wconf 73' lang='lat' dir='ltr'>nean</span> <span class='ocrx_word' id='word_1_2' title='bbox 749 362 933 410; x_wconf 67' lang='lat' dir='ltr'>ututucrsct</span> <span class='ocrx_word' id='word_1_3' title='bbox 1262 340 1330 430; x_wconf 85' lang='lat'>185</span> 
     </span>
    </p>
   </div>
   <div class='ocr_carea' id='block_1_2' title="bbox 217 471 477 480">
    <p class='ocr_par' dir='ltr' id='par_1_2' title="bbox 217 471 477 480">
     <span class='ocr_line' id='line_1_2' title="bbox 217 471 477 480; baseline 0 -1"><span class='ocrx_word' id='word_1_4' title='bbox 217 471 477 480; x_wconf 76' lang='lat'><em>..-—---—.—-—</em></span> 
     </span>
    </p>
   </div>
   <div class='ocr_carea' id='block_1_3' title="bbox 139 593 1335 1734">
    <p class='ocr_par' dir='ltr' id='par_1_3' title="bbox 215 593 1335 1013">
     <span class='ocr_line' id='line_1_3' title="bbox 216 593 1334 691; baseline 0.002 -25"><span class='ocrx_word' id='word_1_5' title='bbox 216 609 293 666; x_wconf 89' lang='lat' dir='ltr'>tam</span> <span class='ocrx_word' id='word_1_6' title='bbox 322 618 478 690; x_wconf 91' lang='lat' dir='ltr'>operum</span> <span class='ocrx_word' id='word_1_7' title='bbox 506 618 618 690; x_wconf 87' lang='lat' dir='ltr'>quam</span> <span class='ocrx_word' id='word_1_8' title='bbox 645 594 845 666; x_wconf 88' lang='lat' dir='ltr'>verborum</span> <span class='ocrx_word' id='word_1_9' title='bbox 875 593 1025 666; x_wconf 89' lang='lat' dir='ltr'>iniuriis.</span> <span class='ocrx_word' id='word_1_10' title='bbox 1074 594 1334 691; x_wconf 80' lang='lat' dir='ltr'>Apostolicum</span> 
     </span>
     <span class='ocr_line' id='line_1_4' title="bbox 216 700 1334 801; baseline 0.004 -30"><span class='ocrx_word' id='word_1_11' title='bbox 216 700 394 795; x_wconf 89' lang='lat' dir='ltr'>scripturn</span> <span class='ocrx_word' id='word_1_12' title='bbox 423 700 635 782; x_wconf 70' lang='lat' dir='ltr'>excederet,</span> <span class='ocrx_word' id='word_1_13' title='bbox 667 725 742 796; x_wconf 91' lang='lat' dir='ltr'>quo</span> <span class='ocrx_word' id='word_1_14' title='bbox 770 716 983 773; x_wconf 91' lang='lat' dir='ltr'>sanctorum</span> <span class='ocrx_word' id='word_1_15' title='bbox 1003 700 1206 774; x_wconf 89' lang='lat' dir='ltr'>recitantur</span> <span class='ocrx_word' id='word_1_16' title='bbox 1218 728 1334 801; x_wconf 85' lang='lat' dir='ltr'>angu-</span> 
     </span>
     <span class='ocr_line' id='line_1_5' title="bbox 215 806 1334 907; baseline 0.004 -29"><span class='ocrx_word' id='word_1_17' title='bbox 215 807 320 890; x_wconf 87' lang='lat' dir='ltr'>stiae,</span> <span class='ocrx_word' id='word_1_18' title='bbox 351 807 381 878; x_wconf 88' lang='lat' dir='ltr'>si</span> <span class='ocrx_word' id='word_1_19' title='bbox 410 806 493 903; x_wconf 92' lang='lat' dir='ltr'>quis</span> <span class='ocrx_word' id='word_1_20' title='bbox 521 832 566 880; x_wconf 89' lang='lat' dir='ltr'>ea</span> <span class='ocrx_word' id='word_1_21' title='bbox 594 833 690 903; x_wconf 88' lang='lat' dir='ltr'>quae</span> <span class='ocrx_word' id='word_1_22' title='bbox 719 832 852 903; x_wconf 89' lang='lat' dir='ltr'>passus</span> <span class='ocrx_word' id='word_1_23' title='bbox 880 824 937 880; x_wconf 90' lang='lat' dir='ltr'>est</span> <span class='ocrx_word' id='word_1_24' title='bbox 965 808 1034 879; x_wconf 89' lang='lat' dir='ltr'>iste</span> <span class='ocrx_word' id='word_1_25' title='bbox 1062 807 1237 907; x_wconf 84' lang='lat' dir='ltr'>redigere</span> <span class='ocrx_word' id='word_1_26' title='bbox 1265 812 1334 883; x_wconf 90' lang='lat' dir='ltr'>sub</span> 
     </span>
     <span class='ocr_line' id='line_1_6' title="bbox 216 912 1335 1013; baseline 0.004 -28"><span class='ocrx_word' id='word_1_27' title='bbox 216 938 372 985; x_wconf 89' lang='lat' dir='ltr'>numero</span> <span class='ocrx_word' id='word_1_28' title='bbox 399 913 521 986; x_wconf 87' lang='lat' dir='ltr'>vellet.</span> <span class='ocrx_word' id='word_1_29' title='bbox 583 913 671 1013; x_wconf 84' lang='lat' dir='ltr'>[Sic]</span> <span class='ocrx_word' id='word_1_30' title='bbox 703 913 816 987; x_wconf 91' lang='lat' dir='ltr'>etiam</span> <span class='ocrx_word' id='word_1_31' title='bbox 836 929 874 987; x_wconf 90' lang='lat' dir='ltr'>et</span> <span class='ocrx_word' id='word_1_32' title='bbox 892 930 971 988; x_wconf 91' lang='lat' dir='ltr'>tota</span> <span class='ocrx_word' id='word_1_33' title='bbox 990 912 1050 987; x_wconf 89' lang='lat' dir='ltr'>illa</span> <span class='ocrx_word' id='word_1_34' title='bbox 1069 915 1189 1011; x_wconf 91' lang='lat' dir='ltr'>prima</span> <span class='ocrx_word' id='word_1_35' title='bbox 1208 917 1335 990; x_wconf 90' lang='lat' dir='ltr'>schola</span> 
     </span>
    </p>

    <p class='ocr_par' dir='ltr' id='par_1_4' title="bbox 162 1019 1334 1547">
     <span class='ocr_line' id='line_1_7' title="bbox 162 1019 1334 1117; baseline 0.005 -25"><span class='ocrx_word' id='word_1_36' title='bbox 162 1053 181 1117; x_wconf 84' lang='lat'>5</span> <span class='ocrx_word' id='word_1_37' title='bbox 213 1045 283 1093; x_wconf 90' lang='lat' dir='ltr'>sua</span> <span class='ocrx_word' id='word_1_38' title='bbox 301 1021 474 1092; x_wconf 88' lang='lat' dir='ltr'>omnibus</span> <span class='ocrx_word' id='word_1_39' title='bbox 493 1046 534 1094; x_wconf 89' lang='lat' dir='ltr'>se</span> <span class='ocrx_word' id='word_1_40' title='bbox 559 1022 744 1094; x_wconf 89' lang='lat' dir='ltr'>subdebat</span> <span class='ocrx_word' id='word_1_41' title='bbox 763 1019 1019 1105; x_wconf 67' lang='lat' dir='ltr'>incommodis,</span> <span class='ocrx_word' id='word_1_42' title='bbox 1042 1038 1082 1094; x_wconf 92' lang='lat' dir='ltr'>ut</span> <span class='ocrx_word' id='word_1_43' title='bbox 1103 1022 1206 1095; x_wconf 89' lang='lat' dir='ltr'>nesas</span> <span class='ocrx_word' id='word_1_44' title='bbox 1226 1025 1334 1098; x_wconf 90' lang='lat' dir='ltr'>duce·</span> 
     </span>
     <span class='ocr_line' id='line_1_8' title="bbox 214 1126 1334 1227; baseline 0.003 -28"><span class='ocrx_word' id='word_1_45' title='bbox 214 1146 316 1199; x_wconf 85' lang='lat' dir='ltr'>retur</span> <span class='ocrx_word' id='word_1_46' title='bbox 343 1128 373 1198; x_wconf 91' lang='lat' dir='ltr'>si</span> <span class='ocrx_word' id='word_1_47' title='bbox 403 1129 485 1223; x_wconf 92' lang='lat' dir='ltr'>quis</span> <span class='ocrx_word' id='word_1_48' title='bbox 505 1128 542 1214; x_wconf 84' lang='lat' dir='ltr'>in</span> <span class='ocrx_word' id='word_1_49' title='bbox 563 1126 687 1223; x_wconf 86' lang='lat' dir='ltr'>aliquo</span> <span class='ocrx_word' id='word_1_50' title='bbox 706 1127 779 1200; x_wconf 86' lang='lat' dir='ltr'>alio</span> <span class='ocrx_word' id='word_1_51' title='bbox 795 1153 907 1224; x_wconf 88' lang='lat' dir='ltr'>quam</span> <span class='ocrx_word' id='word_1_52' title='bbox 928 1128 964 1200; x_wconf 92' lang='lat' dir='ltr'>in</span> <span class='ocrx_word' id='word_1_53' title='bbox 985 1128 1239 1203; x_wconf 81' lang='lat' dir='ltr'>consolatione</span> <span class='ocrx_word' id='word_1_54' title='bbox 1258 1132 1334 1227; x_wconf 88' lang='lat' dir='ltr'>spi-</span> 
     </span>
     <span class='ocr_line' id='line_1_9' title="bbox 214 1233 1332 1330; baseline 0.004 -24"><span class='ocrx_word' id='word_1_55' title='bbox 214 1233 306 1306; x_wconf 89' lang='lat' dir='ltr'>ritus</span> <span class='ocrx_word' id='word_1_56' title='bbox 334 1234 543 1330; x_wconf 86' lang='lat' dir='ltr'>respiraret.</span> <span class='ocrx_word' id='word_1_57' title='bbox 601 1235 698 1307; x_wconf 92' lang='lat' dir='ltr'>Nam</span> <span class='ocrx_word' id='word_1_58' title='bbox 728 1260 813 1305; x_wconf 91' lang='lat' dir='ltr'>cum</span> <span class='ocrx_word' id='word_1_59' title='bbox 842 1234 987 1307; x_wconf 90' lang='lat' dir='ltr'>circulis</span> <span class='ocrx_word' id='word_1_60' title='bbox 1015 1235 1144 1308; x_wconf 79' lang='lat' dir='ltr'>ferreis</span> <span class='ocrx_word' id='word_1_61' title='bbox 1159 1252 1196 1310; x_wconf 89' lang='lat' dir='ltr'>et</span> <span class='ocrx_word' id='word_1_62' title='bbox 1211 1237 1332 1311; x_wconf 88' lang='lat' dir='ltr'>loricis</span> 
     </span>
     <span class='ocr_line' id='line_1_10' title="bbox 213 1339 1332 1438; baseline 0.005 -27"><span class='ocrx_word' id='word_1_63' title='bbox 213 1366 254 1412; x_wconf 91' lang='lat' dir='ltr'>se</span> <span class='ocrx_word' id='word_1_64' title='bbox 284 1341 478 1438; x_wconf 85' lang='lat' dir='ltr'>cingerent</span> <span class='ocrx_word' id='word_1_65' title='bbox 505 1356 543 1413; x_wconf 92' lang='lat' dir='ltr'>et</span> <span class='ocrx_word' id='word_1_66' title='bbox 571 1341 759 1424; x_wconf 88' lang='lat' dir='ltr'>vestirent,</span> <span class='ocrx_word' id='word_1_67' title='bbox 792 1341 928 1438; x_wconf 84' lang='lat' dir='ltr'>vigiliis</span> <span class='ocrx_word' id='word_1_68' title='bbox 957 1339 1081 1414; x_wconf 90' lang='lat' dir='ltr'>multis</span> <span class='ocrx_word' id='word_1_69' title='bbox 1116 1358 1153 1415; x_wconf 94' lang='lat' dir='ltr'>et</span> <span class='ocrx_word' id='word_1_70' title='bbox 1187 1343 1332 1417; x_wconf 91' lang='lat' dir='ltr'>ieiuniis</span> 
     </span>
     <span class='ocr_line' id='line_1_11' title="bbox 212 1446 1331 1547; baseline 0.004 -29"><span class='ocrx_word' id='word_1_71' title='bbox 212 1446 388 1519; x_wconf 88' lang='lat' dir='ltr'>macerati</span> <span class='ocrx_word' id='word_1_72' title='bbox 417 1447 610 1530; x_wconf 73' lang='lat' dir='ltr'>continuis</span> <span class='ocrx_word' id='word_1_73' title='bbox 635 1448 823 1520; x_wconf 87' lang='lat' dir='ltr'>multoties</span> <span class='ocrx_word' id='word_1_74' title='bbox 851 1447 1084 1531; x_wconf 83' lang='lat' dir='ltr'>deiecissent,</span> <span class='ocrx_word' id='word_1_75' title='bbox 1109 1447 1175 1521; x_wconf 90' lang='lat' dir='ltr'>nisi</span> <span class='ocrx_word' id='word_1_76' title='bbox 1199 1451 1249 1547; x_wconf 91' lang='lat' dir='ltr'>pii</span> <span class='ocrx_word' id='word_1_77' title='bbox 1269 1477 1331 1547; x_wconf 90' lang='lat' dir='ltr'>pa-</span> 
     </span>
    </p>

    <p class='ocr_par' dir='ltr' id='par_1_5' title="bbox 139 1553 1330 1734">
     <span class='ocr_line' id='line_1_12' title="bbox 139 1553 1330 1651; baseline 0.002 -22"><span class='ocrx_word' id='word_1_78' title='bbox 139 1584 181 1631; x_wconf 88' lang='lat' dir='ltr'>ro</span> <span class='ocrx_word' id='word_1_79' title='bbox 212 1555 321 1626; x_wconf 89' lang='lat' dir='ltr'>storis</span> <span class='ocrx_word' id='word_1_80' title='bbox 350 1554 553 1627; x_wconf 90' lang='lat' dir='ltr'>monitione</span> <span class='ocrx_word' id='word_1_81' title='bbox 582 1553 732 1629; x_wconf 90' lang='lat' dir='ltr'>assidua</span> <span class='ocrx_word' id='word_1_82' title='bbox 752 1554 913 1651; x_wconf 85' lang='lat' dir='ltr'>rigorem</span> <span class='ocrx_word' id='word_1_83' title='bbox 934 1571 1060 1628; x_wconf 83' lang='lat' dir='ltr'>tantae</span> <span class='ocrx_word' id='word_1_84' title='bbox 1083 1555 1330 1631; x_wconf 88' lang='lat' dir='ltr'>abstinentiae</span> 
     </span>
     <span class='ocr_line' id='line_1_13' title="bbox 211 1658 452 1734; baseline -0.008 -2"><span class='ocrx_word' id='word_1_85' title='bbox 211 1658 452 1734; x_wconf 85' lang='lat' dir='ltr'>relaxassent.</span> 
     </span>
    </p>
   </div>
   <div class='ocr_carea' id='block_1_4' title="bbox 340 1928 1199 2026">
    <p class='ocr_par' dir='ltr' id='par_1_6' title="bbox 340 1928 1199 2026">
     <span class='ocr_line' id='line_1_14' title="bbox 340 1928 1199 2026; baseline -0.002 -26"><span class='ocrx_word' id='word_1_86' title='bbox 340 1929 412 2026; x_wconf 77' lang='lat' dir='ltr'>[De</span> <span class='ocrx_word' id='word_1_87' title='bbox 440 1929 653 2001; x_wconf 74' lang='lat' dir='ltr'>discretione</span> <span class='ocrx_word' id='word_1_88' title='bbox 681 1930 804 1999; x_wconf 76' lang='lat' dir='ltr'>sancti</span> <span class='ocrx_word' id='word_1_89' title='bbox 831 1929 1056 2026; x_wconf 61' lang='lat' dir='ltr'>Francisrz}</span> <span class='ocrx_word' id='word_1_90' title='bbox 1114 1928 1199 2007; x_wconf 85' lang='lat' dir='ltr'>XV.¹</span> 
     </span>
    </p>
   </div>
   <div class='ocr_carea' id='block_1_5' title="bbox 135 2123 1329 2438">
    <p class='ocr_par' dir='ltr' id='par_1_7' title="bbox 135 2123 1329 2438">
     <span class='ocr_line' id='line_1_15' title="bbox 295 2123 1329 2220; baseline 0 -23"><span class='ocrx_word' id='word_1_91' title='bbox 295 2150 353 2197; x_wconf 86' lang='lat'>22.</span> <span class='ocrx_word' id='word_1_92' title='bbox 386 2126 534 2198; x_wconf 87' lang='lat' dir='ltr'>Clamat</span> <span class='ocrx_word' id='word_1_93' title='bbox 563 2150 635 2197; x_wconf 91' lang='lat' dir='ltr'>una</span> <span class='ocrx_word' id='word_1_94' title='bbox 664 2125 710 2196; x_wconf 89' lang='lat' dir='ltr'>de</span> <span class='ocrx_word' id='word_1_95' title='bbox 740 2124 872 2196; x_wconf 87' lang='lat' dir='ltr'>ovibus</span> <span class='ocrx_word' id='word_1_96' title='bbox 902 2139 1010 2195; x_wconf 90' lang='lat' dir='ltr'>nocte</span> <span class='ocrx_word' id='word_1_97' title='bbox 1033 2123 1206 2220; x_wconf 87' lang='lat' dir='ltr'>quadam,</span> <span class='ocrx_word' id='word_1_98' title='bbox 1225 2124 1329 2220; x_wconf 90' lang='lat' dir='ltr'>quie-</span> 
     </span>
     <span class='ocr_line' id='line_1_16' title="bbox 210 2231 1325 2315; baseline 0 -10"><span class='ocrx_word' id='word_1_99' title='bbox 210 2233 401 2305; x_wconf 90' lang='lat' dir='ltr'>scentibus</span> <span class='ocrx_word' id='word_1_100' title='bbox 421 2232 594 2304; x_wconf 89' lang='lat' dir='ltr'>caeteris:</span> <span class='ocrx_word' id='word_1_101' title='bbox 618 2231 770 2315; x_wconf 86' lang='lat' dir='ltr'>Morior,</span> <span class='ocrx_word' id='word_1_102' title='bbox 788 2232 930 2313; x_wconf 75' lang='lat' dir='ltr'>fratres</span> <span class='ocrx_word' id='word_1_103' title='bbox 953 2231 1091 2305; x_wconf 89' lang='lat' dir='ltr'>morior</span> <span class='ocrx_word' id='word_1_104' title='bbox 1110 2256 1198 2304; x_wconf 87' lang='lat' dir='ltr'>ecce</span> <span class='ocrx_word' id='word_1_105' title='bbox 1218 2232 1325 2307; x_wconf 79' lang='lat' dir='ltr'>same.</span> 
     </span>
     <span class='ocr_line' id='line_1_17' title="bbox 135 2336 1327 2438; baseline -0.001 -25"><span class='ocrx_word' id='word_1_106' title='bbox 135 2368 177 2432; x_wconf 81' lang='lat'>15</span> <span class='ocrx_word' id='word_1_107' title='bbox 210 2339 340 2438; x_wconf 85' lang='lat' dir='ltr'>Surgit</span> <span class='ocrx_word' id='word_1_108' title='bbox 355 2337 523 2437; x_wconf 87' lang='lat' dir='ltr'>protinus</span> <span class='ocrx_word' id='word_1_109' title='bbox 542 2353 670 2434; x_wconf 89' lang='lat' dir='ltr'>pastor</span> <span class='ocrx_word' id='word_1_110' title='bbox 689 2338 877 2436; x_wconf 83' lang='lat' dir='ltr'>egregius,</span> <span class='ocrx_word' id='word_1_111' title='bbox 897 2354 934 2411; x_wconf 88' lang='lat' dir='ltr'>et</span> <span class='ocrx_word' id='word_1_112' title='bbox 949 2336 1116 2411; x_wconf 89' lang='lat' dir='ltr'>oviculae</span> <span class='ocrx_word' id='word_1_113' title='bbox 1136 2338 1327 2412; x_wconf 88' lang='lat' dir='ltr'>morbidae</span> 
     </span>
    </p>
   </div>
   <div class='ocr_carea' id='block_1_6' title="bbox 131 2445 1329 4147">
    <p class='ocr_par' dir='ltr' id='par_1_8' title="bbox 210 2445 1329 2863">
     <span class='ocr_line' id='line_1_18' title="bbox 210 2445 1327 2542; baseline 0 -23"><span class='ocrx_word' id='word_1_114' title='bbox 210 2446 378 2520; x_wconf 85' lang='lat' dir='ltr'>remedio</span> <span class='ocrx_word' id='word_1_115' title='bbox 405 2446 533 2519; x_wconf 90' lang='lat' dir='ltr'>debito</span> <span class='ocrx_word' id='word_1_116' title='bbox 562 2446 759 2518; x_wconf 90' lang='lat' dir='ltr'>subvenire</span> <span class='ocrx_word' id='word_1_117' title='bbox 788 2445 947 2518; x_wconf 75' lang='lat' dir='ltr'>festinat.</span> <span class='ocrx_word' id='word_1_118' title='bbox 1004 2447 1174 2518; x_wconf 89' lang='lat' dir='ltr'>Mensam</span> <span class='ocrx_word' id='word_1_119' title='bbox 1206 2447 1327 2542; x_wconf 87' lang='lat' dir='ltr'>parari</span> 
     </span>
     <span class='ocr_line' id='line_1_19' title="bbox 210 2551 1327 2635; baseline 0.002 -10"><span class='ocrx_word' id='word_1_120' title='bbox 210 2553 313 2626; x_wconf 91' lang='lat' dir='ltr'>iubet</span> <span class='ocrx_word' id='word_1_121' title='bbox 340 2552 425 2626; x_wconf 89' lang='lat' dir='ltr'>licet</span> <span class='ocrx_word' id='word_1_122' title='bbox 459 2551 653 2626; x_wconf 90' lang='lat' dir='ltr'>rusticanis</span> <span class='ocrx_word' id='word_1_123' title='bbox 689 2555 863 2626; x_wconf 79' lang='lat' dir='ltr'>refertam</span> <span class='ocrx_word' id='word_1_124' title='bbox 892 2551 1036 2635; x_wconf 91' lang='lat' dir='ltr'>delitiis,</span> <span class='ocrx_word' id='word_1_125' title='bbox 1069 2552 1130 2625; x_wconf 92' lang='lat' dir='ltr'>ubi</span> <span class='ocrx_word' id='word_1_126' title='bbox 1157 2553 1232 2625; x_wconf 88' lang='lat' dir='ltr'>vini</span> <span class='ocrx_word' id='word_1_127' title='bbox 1266 2554 1327 2627; x_wconf 90' lang='lat' dir='ltr'>de-</span> 
     </span>
     <span class='ocr_line' id='line_1_20' title="bbox 210 2659 1329 2757; baseline 0.001 -25"><span class='ocrx_word' id='word_1_128' title='bbox 210 2662 358 2744; x_wconf 82' lang='lat' dir='ltr'>sectum,</span> <span class='ocrx_word' id='word_1_129' title='bbox 380 2661 476 2733; x_wconf 88' lang='lat' dir='ltr'>sicut</span> <span class='ocrx_word' id='word_1_130' title='bbox 494 2676 532 2732; x_wconf 91' lang='lat' dir='ltr'>et</span> <span class='ocrx_word' id='word_1_131' title='bbox 551 2661 708 2756; x_wconf 89' lang='lat' dir='ltr'>saepius,</span> <span class='ocrx_word' id='word_1_132' title='bbox 731 2685 830 2755; x_wconf 91' lang='lat' dir='ltr'>aqua</span> <span class='ocrx_word' id='word_1_133' title='bbox 849 2659 1044 2756; x_wconf 85' lang='lat' dir='ltr'>supplevit.</span> <span class='ocrx_word' id='word_1_134' title='bbox 1104 2660 1236 2756; x_wconf 88' lang='lat' dir='ltr'>Incipit</span> <span class='ocrx_word' id='word_1_135' title='bbox 1254 2661 1329 2757; x_wconf 89' lang='lat' dir='ltr'>pri-</span> 
     </span>
     <span class='ocr_line' id='line_1_21' title="bbox 210 2765 1327 2863; baseline 0 -23"><span class='ocrx_word' id='word_1_136' title='bbox 210 2793 292 2840; x_wconf 91' lang='lat' dir='ltr'>mus</span> <span class='ocrx_word' id='word_1_137' title='bbox 311 2768 391 2863; x_wconf 90' lang='lat' dir='ltr'>ipse</span> <span class='ocrx_word' id='word_1_138' title='bbox 411 2766 620 2851; x_wconf 87' lang='lat' dir='ltr'>comedere,</span> <span class='ocrx_word' id='word_1_139' title='bbox 638 2783 676 2839; x_wconf 90' lang='lat' dir='ltr'>et</span> <span class='ocrx_word' id='word_1_140' title='bbox 695 2767 742 2838; x_wconf 91' lang='lat' dir='ltr'>ad</span> <span class='ocrx_word' id='word_1_141' title='bbox 758 2765 948 2839; x_wconf 88' lang='lat' dir='ltr'>charitatis</span> <span class='ocrx_word' id='word_1_142' title='bbox 963 2765 1136 2848; x_wconf 87' lang='lat' dir='ltr'>officium,</span> <span class='ocrx_word' id='word_1_143' title='bbox 1161 2792 1207 2838; x_wconf 92' lang='lat' dir='ltr'>ne</span> <span class='ocrx_word' id='word_1_144' title='bbox 1227 2768 1327 2840; x_wconf 88' lang='lat' dir='ltr'>tabe·</span> 
     </span>
    </p>

    <p class='ocr_par' dir='ltr' id='par_1_9' title="bbox 131 2871 1328 3397">
     <span class='ocr_line' id='line_1_22' title="bbox 131 2871 1328 2970; baseline -0.003 -20"><span class='ocrx_word' id='word_1_145' title='bbox 131 2903 179 2950; x_wconf 83' lang='lat'>20</span> <span class='ocrx_word' id='word_1_146' title='bbox 209 2891 289 2947; x_wconf 90' lang='lat' dir='ltr'>scat</span> <span class='ocrx_word' id='word_1_147' title='bbox 302 2877 413 2946; x_wconf 79' lang='lat' dir='ltr'>frater</span> <span class='ocrx_word' id='word_1_148' title='bbox 427 2872 486 2946; x_wconf 88' lang='lat' dir='ltr'>ille</span> <span class='ocrx_word' id='word_1_149' title='bbox 502 2875 647 2956; x_wconf 87' lang='lat' dir='ltr'>rubore,</span> <span class='ocrx_word' id='word_1_150' title='bbox 662 2871 824 2969; x_wconf 88' lang='lat' dir='ltr'>reliquos</span> <span class='ocrx_word' id='word_1_151' title='bbox 839 2874 969 2945; x_wconf 84' lang='lat' dir='ltr'>iratres</span> <span class='ocrx_word' id='word_1_152' title='bbox 985 2872 1125 2945; x_wconf 91' lang='lat' dir='ltr'>invitat.</span> <span class='ocrx_word' id='word_1_153' title='bbox 1169 2873 1328 2970; x_wconf 88' lang='lat' dir='ltr'>Sumpto</span> 
     </span>
     <span class='ocr_line' id='line_1_23' title="bbox 210 2979 1327 3075; baseline 0 -22"><span class='ocrx_word' id='word_1_154' title='bbox 210 3007 294 3053; x_wconf 90' lang='lat' dir='ltr'>cum</span> <span class='ocrx_word' id='word_1_155' title='bbox 322 2982 456 3053; x_wconf 89' lang='lat' dir='ltr'>timore</span> <span class='ocrx_word' id='word_1_156' title='bbox 484 2980 557 3052; x_wconf 91' lang='lat' dir='ltr'>Dei</span> <span class='ocrx_word' id='word_1_157' title='bbox 587 2980 680 3064; x_wconf 89' lang='lat' dir='ltr'>cib0‚</span> <span class='ocrx_word' id='word_1_158' title='bbox 713 3004 758 3053; x_wconf 90' lang='lat' dir='ltr'>ne</span> <span class='ocrx_word' id='word_1_159' title='bbox 789 2980 878 3075; x_wconf 92' lang='lat' dir='ltr'>quid</span> <span class='ocrx_word' id='word_1_160' title='bbox 907 2981 1057 3051; x_wconf 91' lang='lat' dir='ltr'>deesset</span> <span class='ocrx_word' id='word_1_161' title='bbox 1084 2979 1216 3052; x_wconf 85' lang='lat' dir='ltr'>officiis</span> <span class='ocrx_word' id='word_1_162' title='bbox 1244 2981 1327 3053; x_wconf 88' lang='lat' dir='ltr'>cha·</span> 
     </span>
     <span class='ocr_line' id='line_1_24' title="bbox 209 3086 1328 3184; baseline -0.001 -24"><span class='ocrx_word' id='word_1_163' title='bbox 209 3087 336 3169; x_wconf 77' lang='lat' dir='ltr'>ritatiS,</span> <span class='ocrx_word' id='word_1_164' title='bbox 358 3088 511 3184; x_wconf 86' lang='lat' dir='ltr'>longam</span> <span class='ocrx_word' id='word_1_165' title='bbox 533 3087 615 3159; x_wconf 82' lang='lat' dir='ltr'>filiis</span> <span class='ocrx_word' id='word_1_166' title='bbox 634 3103 740 3181; x_wconf 88' lang='lat' dir='ltr'>pater</span> <span class='ocrx_word' id='word_1_167' title='bbox 759 3087 807 3158; x_wconf 91' lang='lat' dir='ltr'>de</span> <span class='ocrx_word' id='word_1_168' title='bbox 826 3088 963 3158; x_wconf 86' lang='lat' dir='ltr'>virtute</span> <span class='ocrx_word' id='word_1_169' title='bbox 982 3086 1215 3159; x_wconf 89' lang='lat' dir='ltr'>discretionis</span> <span class='ocrx_word' id='word_1_170' title='bbox 1230 3088 1328 3159; x_wconf 88' lang='lat' dir='ltr'>texit</span> 
     </span>
     <span class='ocr_line' id='line_1_25' title="bbox 208 3191 1328 3291; baseline -0.001 -24"><span class='ocrx_word' id='word_1_171' title='bbox 208 3195 435 3291; x_wconf 80' lang='lat' dir='ltr'>parabolam.</span> <span class='ocrx_word' id='word_1_172' title='bbox 494 3191 579 3266; x_wconf 87' lang='lat' dir='ltr'>Sale</span> <span class='ocrx_word' id='word_1_173' title='bbox 608 3193 799 3266; x_wconf 88' lang='lat' dir='ltr'>conditum</span> <span class='ocrx_word' id='word_1_174' title='bbox 828 3192 1045 3266; x_wconf 87' lang='lat' dir='ltr'>sacrificium</span> <span class='ocrx_word' id='word_1_175' title='bbox 1067 3193 1152 3266; x_wconf 91' lang='lat' dir='ltr'>Deo</span> <span class='ocrx_word' id='word_1_176' title='bbox 1179 3219 1328 3290; x_wconf 89' lang='lat' dir='ltr'>semper</span> 
     </span>
     <span class='ocr_line' id='line_1_26' title="bbox 210 3300 1327 3397; baseline 0.001 -24"><span class='ocrx_word' id='word_1_177' title='bbox 210 3302 365 3373; x_wconf 87' lang='lat' dir='ltr'>reddere</span> <span class='ocrx_word' id='word_1_178' title='bbox 395 3301 506 3382; x_wconf 87' lang='lat' dir='ltr'>iubet,</span> <span class='ocrx_word' id='word_1_179' title='bbox 539 3316 576 3373; x_wconf 86' lang='lat' dir='ltr'>et</span> <span class='ocrx_word' id='word_1_180' title='bbox 605 3316 644 3373; x_wconf 91' lang='lat' dir='ltr'>ut</span> <span class='ocrx_word' id='word_1_181' title='bbox 673 3300 769 3372; x_wconf 92' lang='lat' dir='ltr'>vires</span> <span class='ocrx_word' id='word_1_182' title='bbox 798 3301 968 3397; x_wconf 88' lang='lat' dir='ltr'>proprias</span> <span class='ocrx_word' id='word_1_183' title='bbox 988 3300 1023 3370; x_wconf 93' lang='lat' dir='ltr'>in</span> <span class='ocrx_word' id='word_1_184' title='bbox 1043 3300 1116 3372; x_wconf 92' lang='lat' dir='ltr'>Dei</span> <span class='ocrx_word' id='word_1_185' title='bbox 1146 3301 1327 3396; x_wconf 90' lang='lat' dir='ltr'>obsequio</span> 
     </span>
    </p>

    <p class='ocr_par' dir='ltr' id='par_1_10' title="bbox 132 3407 1328 3930">
     <span class='ocr_line' id='line_1_27' title="bbox 132 3407 1328 3504; baseline -0.004 -21"><span class='ocrx_word' id='word_1_186' title='bbox 132 3437 176 3501; x_wconf 84' lang='lat'>25</span> <span class='ocrx_word' id='word_1_187' title='bbox 210 3409 465 3504; x_wconf 83' lang='lat' dir='ltr'>unusquisque</span> <span class='ocrx_word' id='word_1_188' title='bbox 481 3407 691 3480; x_wconf 87' lang='lat' dir='ltr'>consideret</span> <span class='ocrx_word' id='word_1_189' title='bbox 711 3423 839 3479; x_wconf 90' lang='lat' dir='ltr'>monet</span> <span class='ocrx_word' id='word_1_190' title='bbox 858 3423 1009 3479; x_wconf 89' lang='lat' dir='ltr'>attente.</span> <span class='ocrx_word' id='word_1_191' title='bbox 1068 3408 1267 3480; x_wconf 89' lang='lat' dir='ltr'>Peccatum</span> <span class='ocrx_word' id='word_1_192' title='bbox 1283 3408 1328 3481; x_wconf 77' lang='lat' dir='ltr'>si·v</span> 
     </span>
     <span class='ocr_line' id='line_1_28' title="bbox 210 3513 1327 3610; baseline -0.003 -22"><span class='ocrx_word' id='word_1_193' title='bbox 210 3515 296 3588; x_wconf 91' lang='lat' dir='ltr'>mile</span> <span class='ocrx_word' id='word_1_194' title='bbox 315 3514 448 3586; x_wconf 89' lang='lat' dir='ltr'>asserit</span> <span class='ocrx_word' id='word_1_195' title='bbox 468 3513 666 3586; x_wconf 86' lang='lat' dir='ltr'>indiscrete</span> <span class='ocrx_word' id='word_1_196' title='bbox 682 3513 827 3610; x_wconf 88' lang='lat' dir='ltr'>corpori</span> <span class='ocrx_word' id='word_1_197' title='bbox 848 3514 1067 3586; x_wconf 90' lang='lat' dir='ltr'>subtrahere</span> <span class='ocrx_word' id='word_1_198' title='bbox 1088 3513 1265 3596; x_wconf 87' lang='lat' dir='ltr'>debitum,</span> <span class='ocrx_word' id='word_1_199' title='bbox 1284 3515 1327 3586; x_wconf 92' lang='lat' dir='ltr'>si·</span> 
     </span>
     <span class='ocr_line' id='line_1_29' title="bbox 211 3620 1324 3719; baseline 0 -26"><span class='ocrx_word' id='word_1_200' title='bbox 211 3638 272 3693; x_wconf 90' lang='lat' dir='ltr'>cut</span> <span class='ocrx_word' id='word_1_201' title='bbox 286 3620 493 3719; x_wconf 90' lang='lat' dir='ltr'>imperante</span> <span class='ocrx_word' id='word_1_202' title='bbox 507 3620 597 3718; x_wconf 85' lang='lat' dir='ltr'>gula</span> <span class='ocrx_word' id='word_1_203' title='bbox 612 3621 645 3693; x_wconf 90' lang='lat' dir='ltr'>ei</span> <span class='ocrx_word' id='word_1_204' title='bbox 661 3621 840 3693; x_wconf 89' lang='lat' dir='ltr'>exhibere</span> <span class='ocrx_word' id='word_1_205' title='bbox 856 3620 1095 3717; x_wconf 87' lang='lat' dir='ltr'>superfluum.</span> <span class='ocrx_word' id='word_1_206' title='bbox 1141 3620 1190 3692; x_wconf 88' lang='lat' dir='ltr'>Et</span> <span class='ocrx_word' id='word_1_207' title='bbox 1204 3620 1324 3694; x_wconf 88' lang='lat' dir='ltr'>addit:</span> 
     </span>
     <span class='ocr_line' id='line_1_30' title="bbox 211 3727 1328 3826; baseline 0.001 -27"><span class='ocrx_word' id='word_1_208' title='bbox 211 3728 324 3821; x_wconf 82' lang='lat' dir='ltr'>Quod</span> <span class='ocrx_word' id='word_1_209' title='bbox 354 3727 423 3800; x_wconf 78' lang='lat' dir='ltr'>ieci</span> <span class='ocrx_word' id='word_1_210' title='bbox 452 3754 526 3826; x_wconf 79' lang='lat' dir='ltr'>ego</span> <span class='ocrx_word' id='word_1_211' title='bbox 547 3728 789 3811; x_wconf 88' lang='lat' dir='ltr'>manducans,</span> <span class='ocrx_word' id='word_1_212' title='bbox 812 3727 1026 3810; x_wconf 90' lang='lat' dir='ltr'>charissimi,</span> <span class='ocrx_word' id='word_1_213' title='bbox 1050 3727 1328 3823; x_wconf 88' lang='lat' dir='ltr'>dispensatione</span> 
     </span>
     <span class='ocr_line' id='line_1_31' title="bbox 211 3833 1328 3930; baseline 0.001 -25"><span class='ocrx_word' id='word_1_214' title='bbox 211 3859 284 3906; x_wconf 91' lang='lat' dir='ltr'>non</span> <span class='ocrx_word' id='word_1_215' title='bbox 312 3835 502 3908; x_wconf 86' lang='lat' dir='ltr'>voluntate</span> <span class='ocrx_word' id='word_1_216' title='bbox 531 3834 568 3906; x_wconf 91' lang='lat' dir='ltr'>id</span> <span class='ocrx_word' id='word_1_217' title='bbox 598 3836 735 3907; x_wconf 85' lang='lat' dir='ltr'>factum</span> <span class='ocrx_word' id='word_1_218' title='bbox 765 3833 952 3918; x_wconf 89' lang='lat' dir='ltr'>noveritis,</span> <span class='ocrx_word' id='word_1_219' title='bbox 974 3835 1061 3930; x_wconf 89' lang='lat' dir='ltr'>quia</span> <span class='ocrx_word' id='word_1_220' title='bbox 1081 3834 1241 3907; x_wconf 87' lang='lat' dir='ltr'>charitas</span> <span class='ocrx_word' id='word_1_221' title='bbox 1260 3836 1328 3906; x_wconf 79' lang='lat' dir='ltr'>ira·</span> 
     </span>
    </p>

    <p class='ocr_par' dir='ltr' id='par_1_11' title="bbox 133 3940 1326 4147">
     <span class='ocr_line' id='line_1_32' title="bbox 133 3940 1326 4037; baseline 0.001 -25"><span class='ocrx_word' id='word_1_222' title='bbox 133 3969 179 4028; x_wconf 83' lang='lat'>30</span> <span class='ocrx_word' id='word_1_223' title='bbox 209 3956 315 4014; x_wconf 87' lang='lat' dir='ltr'>terna</span> <span class='ocrx_word' id='word_1_224' title='bbox 331 3941 529 4014; x_wconf 85' lang='lat' dir='ltr'>mandavit.</span> <span class='ocrx_word' id='word_1_225' title='bbox 588 3941 644 4013; x_wconf 87' lang='lat' dir='ltr'>Sit</span> <span class='ocrx_word' id='word_1_226' title='bbox 659 3940 764 4013; x_wconf 91' lang='lat' dir='ltr'>vobis</span> <span class='ocrx_word' id='word_1_227' title='bbox 780 3941 939 4013; x_wconf 86' lang='lat' dir='ltr'>charitas</span> <span class='ocrx_word' id='word_1_228' title='bbox 959 3941 994 4010; x_wconf 89' lang='lat' dir='ltr'>in</span> <span class='ocrx_word' id='word_1_229' title='bbox 1011 3940 1234 4037; x_wconf 87' lang='lat' dir='ltr'>exemplum,</span> <span class='ocrx_word' id='word_1_230' title='bbox 1254 3967 1326 4013; x_wconf 89' lang='lat' dir='ltr'>non</span> 
     </span>
     <span class='ocr_line' id='line_1_33' title="bbox 209 4046 1121 4147; baseline -0.002 -28"><span class='ocrx_word' id='word_1_231' title='bbox 209 4048 324 4131; x_wconf 79' lang='lat' dir='ltr'>cibus</span> <span class='ocrx_word' id='word_1_232' title='bbox 356 4049 443 4144; x_wconf 89' lang='lat' dir='ltr'>quia</span> <span class='ocrx_word' id='word_1_233' title='bbox 471 4047 530 4121; x_wconf 90' lang='lat' dir='ltr'>ille</span> <span class='ocrx_word' id='word_1_234' title='bbox 559 4050 681 4147; x_wconf 83' lang='lat' dir='ltr'>gulae,</span> <span class='ocrx_word' id='word_1_235' title='bbox 704 4048 797 4121; x_wconf 92' lang='lat' dir='ltr'>haec</span> <span class='ocrx_word' id='word_1_236' title='bbox 826 4048 939 4120; x_wconf 85' lang='lat' dir='ltr'>servit</span> <span class='ocrx_word' id='word_1_237' title='bbox 967 4046 1121 4143; x_wconf 91' lang='lat' dir='ltr'>spiritui.</span> 
     </span>
    </p>
   </div>
   <div class='ocr_carea' id='block_1_7' title="bbox 211 4259 1328 4406">
    <p class='ocr_par' dir='ltr' id='par_1_12' title="bbox 211 4259 1328 4406">
     <span class='ocr_line' id='line_1_34' title="bbox 283 4259 1328 4327; baseline 0 -16"><span class='ocrx_word' id='word_1_238' title='bbox 283 4259 455 4326; x_wconf 80' lang='lat' dir='ltr'>3.Rorrr.iste</span> <span class='ocrx_word' id='word_1_239' title='bbox 528 4260 662 4325; x_wconf 72' lang='lat' dir='ltr'>4ASed</span> <span class='ocrx_word' id='word_1_240' title='bbox 736 4260 873 4326; x_wconf 50' lang='lat' dir='ltr'>iaham.</span> <span class='ocrx_word' id='word_1_241' title='bbox 889 4259 949 4310; x_wconf 74' lang='lat' dir='ltr'>Deo</span> <span class='ocrx_word' id='word_1_242' title='bbox 963 4275 1069 4327; x_wconf 85' lang='lat' dir='ltr'>semper</span> <span class='ocrx_word' id='word_1_243' title='bbox 1143 4259 1328 4325; x_wconf 79' lang='lat' dir='ltr'>27.Raddidit</span> 
     </span>
     <span class='ocr_line' id='line_1_35' title="bbox 211 4339 426 4406; baseline -0.005 -16"><span class='ocrx_word' id='word_1_244' title='bbox 211 4354 249 4406; x_wconf 84' lang='lat'>31.</span> <span class='ocrx_word' id='word_1_245' title='bbox 271 4340 293 4391; x_wconf 71' lang='lat' dir='ltr'><em>A</em></span> <span class='ocrx_word' id='word_1_246' title='bbox 310 4339 426 4391; x_wconf 81' lang='lat' dir='ltr'>deservit</span> 
     </span>
    </p>
   </div>
   <div class='ocr_carea' id='block_1_8' title="bbox 0 0 1576 4875">
    <p class='ocr_par' dir='ltr' id='par_1_13' title="bbox 0 0 1576 4875">
     <span class='ocr_line' id='line_1_36' title="bbox 0 0 1576 4875; baseline 0 3"><span class='ocrx_word' id='word_1_247' title='bbox 0 0 1576 4875; x_wconf 95' lang='lat' dir='ltr'> </span> 
     </span>
    </p>
   </div>
  </div>
 </body>
</html>
