3142 4875
607 381 712 430 BEATI
739 380 926 430 FRANCISCI

344 719 632 817 Descriptio
665 718 921 818 generalis
957 716 1188 791 ministri.

290 908 446 1004 [Qualis
473 908 595 981 debeat
621 932 693 979 esse
720 932 803 978 cum
830 906 965 1004 socz'isl.
1026 903 1243 977 CXXXIX.

293 1134 377 1223 184.
406 1133 528 1227 Prope
556 1131 668 1203 finem
695 1130 903 1203 vocationis
932 1129 1012 1203 eius
1030 1130 1078 1202 ad
1106 1130 1323 1215 Dominum,

208 1242 320 1313 srater
348 1239 499 1336 quidam
528 1262 676 1334 semper
694 1236 915 1309 divinorum
953 1234 1140 1321 sollicitus
1171 1238 1326 1310 affectus
1366 1225 1369 1232 ’

160 1383 178 1447 5
207 1348 346 1444 pietate
374 1345 422 1418 ad
452 1345 644 1426 Ordinem,
672 1340 856 1440 quaesivit
883 1343 931 1417 ab
960 1347 1016 1417 eo¹
1035 1344 1180 1417 dicens:
1203 1344 1322 1428 Pater,

207 1471 244 1527 tu
274 1452 459 1535 transibis
482 1469 520 1524 et
548 1451 685 1524 familia
712 1468 750 1524 te
779 1466 939 1547 sequuta
967 1449 1003 1522 in
1031 1452 1128 1524 valle
1156 1449 1326 1525 lacrima·

206 1586 287 1634 rum
304 1558 532 1656 relinquitur.
591 1560 706 1630 lnnue
726 1557 899 1654 aliquem,
921 1558 951 1629 si
972 1558 1170 1656 cognoscis
1199 1559 1235 1630 in
1257 1558 1325 1631 Or-

206 1670 303 1750 dine,
325 1666 362 1738 in
391 1691 466 1762 quo
494 1682 580 1738 tuus
607 1666 753 1738 animus
782 1665 1031 1761 conquiescat,
1055 1665 1113 1737 cui
1139 1665 1326 1763 generalis

206 1771 396 1847 ministerii
426 1772 573 1868 pondus
601 1797 731 1844 secure
760 1771 879 1868 possit
907 1770 1057 1868 imponi.
1116 1772 1326 1868 Respondit

139 1914 178 1962 10
205 1897 356 1954 sanctus
385 1879 616 1960 Franciscus,
648 1878 808 1951 induens
836 1894 971 1950 cuncta
997 1879 1113 1951 verba
1140 1878 1323 1974 suspiriis:

205 1988 303 2060 Tam
332 1984 539 2059 multimodi
569 1986 756 2058 exercitus
784 1986 930 2069 ducem,
953 2001 1029 2057 tam
1058 1985 1171 2081 ampli
1195 1985 1326 2082 gregis

206 2110 395 2192 pastorem
433 2091 582 2176 nullum,
629 2091 689 2176 fili,
730 2091 975 2164 sufficientem
1021 2091 1177 2165 intueor.
1249 2091 1325 2164 Sed

205 2203 291 2274 volo
320 2201 428 2273 vobis
457 2226 571 2271 unum
600 2199 818 2295 depingere,
841 2223 884 2270 ac
914 2223 1025 2270 manu
1055 2199 1157 2272 iuxta
1176 2224 1325 2295 prover·

206 2309 307 2381 bium
328 2308 460 2390 lacere,
484 2307 519 2378 in
541 2330 616 2402 quo
636 2307 800 2378 reluceat
819 2303 938 2400 qualis
957 2330 1041 2377 esse
1060 2306 1198 2378 debeat
1217 2305 1325 2379 huius
1509 2375 1511 2378 ,
1532 2291 1570 2406 *sii

140 2451 178 2518 15
206 2414 365 2489 familiae
393 2430 510 2511 pater.

293 2525 374 2614 185.
407 2522 543 2605 Homo,
566 2520 695 2617 inquit,
713 2545 797 2593 esse
817 2520 931 2592 debet
949 2519 1047 2594 vitae
1067 2521 1320 2619 gravissimae,

206 2628 440 2703 discretionis
476 2653 648 2724 magnae,
678 2628 800 2701 lamae
834 2626 1040 2700 laudabilis.
1098 2627 1225 2701 Homo
1260 2629 1323 2725 qui

207 2737 358 2833 privatis
386 2735 575 2808 amoribus
604 2750 737 2817 careat,
772 2759 818 2806 ne
846 2735 935 2807 dum
964 2733 999 2805 in
1030 2751 1135 2831 parte
1164 2735 1246 2831 plus
1273 2736 1325 2807 di·

205 2845 297 2940 ligit,
319 2843 355 2915 in
385 2858 465 2914 toto
485 2839 700 2915 scandalum
720 2856 889 2938 generet.
948 2841 1074 2914 Homo
1094 2840 1152 2914 cui
1172 2857 1324 2915 sanctae

135 2939 183 3035 20⁴
205 2949 382 3023 orationis
397 2949 560 3022 studium
581 2947 628 3020 sit
642 2949 813 3031 amicum,
828 2948 891 3044 qui
902 2965 1022 3021 certas
1038 2948 1149 3022 horas
1163 2949 1321 3029 animae,

139 3083 143 3089 ·
206 3074 326 3130 certas
346 3058 455 3154 gregi
475 3055 675 3128 commisso
695 3054 901 3127 distribuat.
960 3055 1057 3128 Nam
1077 3055 1198 3152 primo
1214 3083 1323 3131 mane

206 3164 400 3236 missarum
420 3178 654 3236 sacramenta
673 3161 787 3234 debet
802 3161 1050 3258 praemittere,
1069 3177 1107 3235 et
1126 3164 1240 3259 longa
1259 3164 1325 3235 de-

205 3272 356 3344 votione
385 3296 425 3343 se
461 3269 582 3366 ipsum
610 3284 648 3341 et
681 3293 840 3366 gregem
869 3267 994 3340 divino
1023 3270 1193 3342 tutamini
1223 3295 1325 3342 corn-

207 3378 395 3450 mendare.
454 3377 543 3447 Post
577 3374 784 3448 orationem
822 3401 911 3447 veru
950 3401 992 3448 se
1029 3375 1161 3473 ipsum,
1193 3377 1321 3472 inquit,

138 3524 176 3589 25
207 3485 241 3557 in
273 3483 422 3582 publico
442 3498 579 3557 statuat
606 3483 654 3554 ab
674 3482 848 3555 omnibus
876 3480 1126 3578 depilandum,
1153 3483 1324 3555 omnibus

206 3617 482 3690 responsurum,
498 3588 671 3662 omnibus
686 3615 769 3662 cum
779 3589 1065 3662 mansuetudine
1076 3590 1320 3685 provisurum.

206 3698 332 3771 Homo
360 3698 474 3770 debet
501 3722 595 3780 esse,
627 3697 690 3792 qui
718 3707 962 3793 personarum
1000 3696 1219 3793 acceptione
1248 3722 1323 3768 sor-

206 3806 332 3878 didum
363 3829 437 3877 non
466 3802 576 3876 iaciat
603 3801 793 3900 angulum,
816 3805 916 3900 apud
937 3828 1048 3899 quem
1078 3803 1262 3874 minorum
1287 3822 1325 3875 et

206 3912 426 4010 simplicium
457 3936 530 3983 non
560 3912 681 3983 minus
710 3935 799 3983 cura
821 3910 949 4006 vigeat
977 3935 1089 4006 quam
1114 3910 1324 4005 sapientum

138 4058 179 4125 30
206 4021 264 4092 vel
293 4019 485 4091 maiorum.
544 4017 669 4089 Homo
699 4016 756 4089 cui
795 4017 863 4088 etsi
893 4041 1112 4088 concessum
1142 4033 1200 4088 est
1227 4015 1325 4089 litte-

247 4298 337 4337 .1·2.
359 4281 391 4334 M
407 4279 520 4333 ministri
540 4292 567 4332 et
586 4278 672 4348 qualis
745 4279 820 4342 all
839 4277 1013 4349 om.quidam
1086 4277 1324 4346 8.tuus]Atutus

217 4359 484 4431 16.Rgratissimae
561 4358 710 4428 18.ne]A
731 4376 781 4411 nec
859 4357 1105 4429 18-19.Rdiligat
1180 4357 1275 4425 25-26.
1297 4358 1329 4409 tr

209 4459 256 4494 our.
273 4441 400 4494 omnibus
420 4456 615 4511 responsurum
