3142 4875
256 354 332 425 310
632 358 804 407 LEGENDA
832 358 997 407 SECUNDA
1051 371 1054 374 ·

252 590 457 663 tradiderat
484 591 665 676 manibus,
697 592 804 687 quasi
832 591 880 663 ad
909 616 994 664 eum
1024 591 1234 665 nullatenus
1263 590 1374 688 perti·

254 711 393 780 nerent,
425 698 636 796 respondit:
678 697 795 794 [Fili]
832 698 964 771 sratres
1000 698 1117 797 diligo
1154 700 1250 771 sicut
1290 725 1374 795 pos·

253 829 352 885 sum;
383 805 451 877 sed
478 805 508 877 si
539 829 622 877 mea
658 820 905 901 sequerentur
932 805 1101 903 vestigia,
1134 804 1215 878 illos
1244 806 1372 902 utique

252 911 335 1008 plus
362 936 538 992 amarem,
563 936 630 985 nec
651 936 711 984 me
731 910 800 983 illis
819 911 1015 985 redderem
1042 912 1215 985 alienum.
1273 913 1372 984 Nam

253 1034 338 1090 sunt
356 1017 508 1113 quidam
528 1020 575 1090 de
595 1043 752 1091 numero
771 1018 1021 1114 praelatorum
1041 1019 1104 1115 qui
1134 1044 1199 1091 eos
1227 1020 1275 1091 ad
1300 1018 1372 1091 alia
1402 1050 1422 1115 5

252 1125 412 1207 trahunt,
448 1125 686 1221 antiquorum
729 1125 783 1198 eis
820 1141 1075 1222 proponentes
1111 1126 1304 1223 exempla,
1334 1142 1373 1197 et

254 1258 383 1327 parum
413 1257 497 1305 mea
525 1232 666 1304 monita
694 1247 921 1326 reputantes.
979 1232 1056 1304 Sed
1075 1232 1164 1329 quid
1184 1248 1310 1330 agant,
1333 1231 1370 1304 in

254 1339 325 1412 line
355 1338 551 1411 videbitur.
609 1339 658 1410 Et
685 1337 798 1436 paulo
817 1354 903 1436 post
922 1364 1005 1411 curn
1026 1337 1238 1412 infirmitate
1259 1337 1372 1411 nimia

252 1463 480 1540 gravaretur,
514 1444 585 1541 [in]
622 1444 859 1519 vehementia
897 1445 1048 1543 spiritus
1082 1445 1118 1518 in
1158 1446 1293 1518 lectulo
1329 1471 1371 1518 se

252 1551 405 1625 direxit:
438 1551 512 1645 Qui
542 1569 629 1624 sunt
656 1551 726 1636 isti,
758 1552 820 1637 ait,
842 1552 904 1649 qui
933 1552 1152 1651 religionem
1181 1577 1304 1625 meam
1333 1569 1373 1624 et
1407 1584 1447 1630 ro

253 1662 403 1731 iratrum
433 1658 481 1731 de
511 1660 602 1730 meis
632 1658 803 1732 manibus
831 1658 1059 1756 rapuerunt?
1114 1658 1153 1731 Si
1182 1660 1230 1732 ad
1257 1684 1371 1757 geue-

253 1765 328 1838 rale
357 1765 558 1862 capitulum
598 1791 747 1849 vener0,
779 1782 867 1839 tunc
905 1765 959 1839 eis
987 1768 1183 1840 ostendam
1222 1765 1371 1862 qualem

253 1873 409 1945 habeam
439 1872 680 1946 voluntatem.
737 1873 787 1945 Et
815 1873 959 1946 addidit
986 1873 1100 1946 frater
1132 1865 1211 1946 ille:
1256 1874 1372 1946 Num·

253 1979 342 2075 quid
369 1998 407 2051 et
427 1979 671 2075 provinciales
692 1978 772 2051 illos
801 1980 999 2066 ministros,
1020 1979 1084 2077 qui
1103 1979 1244 2052 tamdiu
1265 1978 1371 2051 liber-

252 2104 328 2159 tate
342 2087 447 2159 abusi
468 2103 562 2169 sunt,
582 2112 655 2159 non
686 2086 868 2159 mutabis?
925 2086 974 2160 Et
993 2104 1101 2184 pater
1120 2085 1372 2184 ingemiscens
1406 2118 1443 2184 15

254 2194 407 2266 verbum
438 2194 632 2289 respondit
660 2191 840 2266 terribile:
873 2192 1010 2266 Vivant
1038 2218 1108 2291 pro
1136 2181 1252 2275 libitu,
1284 2194 1372 2289 quia

254 2299 405 2372 minoris
433 2316 490 2372 est
526 2299 652 2372 damni
681 2325 885 2397 paucorum
915 2326 1026 2396 quam
1056 2300 1255 2373 multorum
1290 2325 1371 2396 per-

252 2407 354 2480 ditio.
412 2408 498 2480 Non
534 2423 687 2504 propter
724 2432 855 2480 omnes
893 2407 960 2480 sed
998 2425 1151 2505 propter
1185 2407 1370 2505 quosdam

252 2515 409 2599 dicebat,
439 2515 502 2610 qui
531 2513 644 2587 nimia
671 2516 851 2612 temporis
878 2515 1119 2588 diuturnitate
1149 2516 1371 2587 videbantur

253 2620 520 2715 praelationem
549 2620 773 2694 hereditario
806 2620 1025 2695 vindicasse.
1084 2622 1125 2693 ln
1154 2622 1255 2694 omni
1293 2620 1370 2717 qui·
1400 2656 1445 2704 20

251 2730 337 2800 dem
358 2752 498 2824 genere
526 2726 776 2825 praelatorum
797 2729 1023 2825 regularium
1044 2728 1115 2801 hoc
1135 2728 1368 2826 potissimum

252 2834 548 2918 commendabat,
573 2860 695 2907 mores
716 2860 790 2906 non
811 2852 954 2908 mutare
976 2835 1043 2908 nisi
1065 2836 1099 2907 in
1121 2835 1263 2921 melius,
1286 2860 1370 2907 con·

252 2940 394 3014 eiliatos
423 2943 569 3015 favores
598 2968 671 3015 non
701 2967 892 3037 quaerere,
915 2957 1140 3039 potestatem
1163 2967 1235 3014 non
1265 2967 1369 3015 exer-

252 3073 346 3129 cere,
378 3049 445 3121 sed
475 3046 630 3146 implere
658 3047 834 3121 officium.

490 3346 556 3419 De
593 3361 761 3419 sancta
799 3344 1135 3442 simplicitate.
1243 3380 1249 3389 ·

413 3534 535 3626 [Quae
558 3533 611 3604 sil
637 3558 724 3603 vera
743 3532 997 3627 simplicitas}
1056 3531 1206 3604 CXLII.

336 3750 418 3838 189.
450 3746 626 3820 Sanctam
663 3746 937 3843 simplicitatem
976 3746 1120 3843 gratiae
1160 3746 1281 3831 liliam,
1313 3774 1369 3821 sa-

250 3856 411 3952 pientiae
440 3880 669 3951 germanam,
694 3870 849 3926 matrem
870 3852 1042 3937 iustitiae,
1063 3854 1225 3949 quodam
1251 3871 1369 3927 atten-

250 3963 332 4034 tiori
361 3962 486 4033 studio
514 3961 785 4057 praetendebat
814 3977 964 4033 sanctus
985 3959 1019 4031 in
1042 3986 1092 4044 se,
1114 3986 1158 4033 ac
1187 3961 1369 4059 diligebat

249 4071 283 4140 in
313 4068 404 4142 aliis.
463 4069 549 4141 Non
578 4085 704 4141 autem
733 4068 855 4139 omnis
883 4068 930 4139 ab
959 4092 1006 4139 eo
1026 4068 1255 4163 probabatur
1283 4068 1369 4140 sim·
1399 4120 1442 4185 30

320 4338 344 4374 2.
363 4322 451 4374 Aom.
466 4320 515 4373 Fili
583 4323 711 4390 3.Reos
778 4322 906 4392 9.on1.
923 4322 949 4375 in
1010 4339 1128 4394 9-ro.se
1142 4323 1249 4394 direxit]
1265 4323 1295 4375 Μ
1307 4340 1368 4377 sese

251 4399 334 4452 crexit
410 4415 449 4470 ¹9·
468 4401 525 4470 qui]
548 4403 650 4472 Aquia
725 4402 822 4471 25-26.
842 4403 874 4455 Μ
890 4402 1063 4473 simplicitate
1086 4416 1113 4456 et
1131 4419 1198 4473 quae
