3142 4875
620 361 724 409 BEATI
751 360 936 409 FRANCISCI
1266 358 1331 429 171

222 472 455 479 Μ
472 472 823 478 ———-—..—-———-.
863 473 930 477 -—
947 472 1191 478 ——--.›-.——
1229 472 1337 478 ...-

221 703 294 801 [De
321 702 442 773 milite
460 712 627 797 paupere
655 727 760 796 quom
789 703 938 773 vestivit
960 712 994 773 et
1016 703 1058 774 de
1085 704 1225 775 visione
1251 729 1339 774 suno

360 818 557 890 vocationis
584 843 696 913 quom
726 819 767 889 z'n
795 817 937 889 soeculo
966 818 1089 916 ordia]
1149 818 1192 890 ll.

302 1052 334 1123 5.
366 1030 562 1104 Liberatus
586 1056 608 1102 a
631 1030 796 1111 vinculis,
829 1030 957 1125 elapso
986 1046 1155 1127 tempore
1176 1033 1333 1115 modico,

218 1139 259 1210 fit
286 1163 379 1236 erga
407 1137 620 1234 indigentes
653 1139 792 1233 pietate
822 1135 1029 1233 benignior.
1089 1138 1230 1210 Firmat
1263 1140 1335 1212 iam

167 1279 186 1343 5
219 1262 261 1319 ut
289 1270 362 1317 non
390 1259 535 1317 avertat
563 1244 694 1316 faciem
728 1269 833 1316 suam
861 1244 910 1316 ab
943 1243 1016 1316 ullo
1049 1269 1224 1340 paupere,
1257 1246 1338 1341 qui-

219 1377 380 1448 cumque
421 1375 548 1424 amore
577 1350 649 1422 Dei
685 1366 912 1446 proponeret
945 1349 980 1421 in
1018 1353 1192 1446 petendu.
1263 1352 1336 1425 Die

219 1460 380 1555 quadam
410 1482 613 1554 pauperem
638 1455 790 1529 militem
811 1475 849 1530 et
869 1482 965 1553 pene
986 1457 1125 1530 nudum
1146 1458 1335 1554 obvi[u]m

219 1565 358 1649 habuit,
390 1564 448 1637 cui
477 1579 601 1636 vestes
640 1565 809 1659 proprias
843 1565 988 1636 curiose
1020 1582 1169 1659 paratas
1201 1565 1336 1661 quibus

218 1671 370 1744 indutus
398 1690 487 1753 erat,
510 1671 648 1766 pietate
667 1672 890 1752 admonitus
924 1696 990 1766 pro
1011 1670 1149 1743 Christi
1172 1673 1334 1770 [amore]

146 1811 188 1857 10
217 1777 418 1852 liberaliter
446 1779 558 1850 dedit.
618 1776 720 1871 Quid
748 1779 870 1849 minus
903 1804 924 1849 a
957 1778 1120 1850 Martino
1158 1778 1219 1851 illo
1256 1805 1337 1852 san-

218 1885 383 1959 ctissimo
412 1886 538 1982 gessit,
574 1884 673 1982 [nisi]
706 1886 806 1979 quod
842 1883 926 1957 licet
955 1884 1062 1957 unius
1091 1886 1271 1981 propositi
1300 1904 1338 1959 et

218 1993 342 2089 operis
362 1993 492 2074 forent,
516 1993 551 2064 in
572 1993 685 2063 modo
705 2009 830 2064 tamen
869 1991 1087 2064 dissimiles?
1144 1992 1216 2064 Hic
1236 1992 1337 2090 prius

217 2117 342 2172 vestes
371 2124 482 2194 quam
504 2098 654 2194 reliqua,
677 2098 737 2170 ille
757 2097 877 2193 primo
903 2097 1000 2170 datis
1023 2099 1206 2182 omnibus,
1228 2099 1337 2172 vesti-

218 2222 344 2280 menta
373 2204 476 2277 dedit
508 2221 715 2278 extremus:
747 2220 903 2300 uterque
933 2231 1075 2301 pauper
1102 2224 1140 2278 et
1170 2204 1337 2278 modicus

148 2345 186 2409 15
217 2313 310 2385 vixit
329 2312 363 2384 in
385 2313 545 2396 saeculo,
578 2330 734 2408 uterque
763 2310 869 2383 dives
890 2311 1083 2408 ingressus
1102 2331 1158 2384 est
1178 2313 1332 2385 caelum.

218 2420 282 2493 llle
311 2419 416 2492 miles
435 2420 502 2492 sed
521 2444 664 2516 pauper
693 2444 896 2515 pauperem
917 2436 1021 2491 veste
1051 2437 1219 2494 truncata
1248 2446 1333 2493 con·

218 2527 321 2614 texit,
340 2528 409 2599 iste
425 2552 498 2598 non
519 2525 624 2599 miles
643 2528 709 2599 sed
729 2527 834 2598 dives
854 2551 1057 2622 pauperem
1080 2526 1230 2599 militem
1251 2554 1336 2624 per-

217 2634 315 2708 lecta
333 2654 437 2707 veste.
467 2633 624 2706 vestivit.
684 2631 862 2728 Uterque,
887 2632 1024 2705 Christi
1045 2634 1210 2729 perlecto
1234 2661 1337 2707 man-

217 2743 316 2824 datu,
340 2740 477 2814 visitari
493 2767 515 2814 a
531 2740 681 2812 Christo
696 2766 762 2836 per
782 2741 964 2813 visionem
986 2742 1216 2825 commeruit,
1240 2767 1336 2814 unus

141 2878 188 2925 20
217 2849 265 2921 de
293 2848 521 2946 perfectione
550 2848 730 2929 laudatus,
754 2845 847 2920 alter
875 2849 922 2919 ad
952 2846 988 2917 id
1009 2847 1109 2943 quod
1130 2848 1260 2920 deerat
1283 2849 1337 2920 di-

216 2971 462 3052 gnantissime
491 2970 675 3026 invitatus

299 3067 332 3132 6.
355 3062 452 3132 Nam
472 3061 649 3157 palatium
671 3062 881 3156 speciosum
902 3060 970 3133 sibi
993 3064 1114 3156 [mox]
1139 3060 1337 3133 invisione

217 3168 434 3249 ostenditur,
453 3168 489 3238 in
508 3193 584 3263 quo
599 3167 722 3241 varios
741 3186 943 3264 apparatus
962 3192 1148 3239 armorum
1169 3184 1207 3240 et
1227 3194 1335 3264 spon-

217 3299 296 3347 sam
315 3273 602 3371 pulcherrimam
622 3275 750 3347 ceruit.
809 3274 975 3347 Vocatur
995 3275 1030 3345 in
1050 3275 1191 3346 somnis
1222 3275 1338 3348 Fran-

141 3412 184 3476 25
217 3381 336 3453 ciscus
369 3407 417 3453 ex
456 3381 617 3466 nomine,
653 3400 690 3453 et
722 3381 853 3453 horum
889 3381 1053 3453 omnium
1088 3381 1335 3477 promissione

216 3487 382 3560 allicitur.
454 3487 594 3561 Tentat
623 3489 748 3585 itaque
777 3514 846 3584 pro
880 3489 1111 3584 capessenda
1145 3489 1273 3561 militia
1302 3488 1337 3559 in

215 3593 391 3691 Apuliam
426 3594 489 3678 ire,
530 3611 568 3667 et
605 3596 803 3690 opulenter
840 3596 1060 3666 necessariis
1094 3595 1334 3692 praeparatis,

216 3700 365 3774 festinat
392 3702 553 3798 gradum
583 3700 749 3775 militaris
778 3702 932 3774 honoris
961 3701 1191 3798 contingere.
1251 3702 1338 3773 Car-

216 3808 337 3880 nalem
366 3808 712 3903 interpretationem
742 3808 968 3904 praeteritae
1001 3806 1154 3879 visionis
1183 3807 1339 3879 carnalis

142 3939 186 4007 30
215 3915 249 3987 ei
278 3915 429 4010 spiritus
457 3916 698 4012 suggerebat,
736 3941 820 3987 cum
851 3916 886 3986 in
916 3913 1101 3987 thesauris
1135 3913 1339 4010 sapientiae

215 4020 288 4093 Dei
316 4021 430 4118 longe
459 4022 591 4095 lateret
620 4021 858 4117 praeclarior.
931 4021 1192 4093 Dormientem
1226 4021 1340 4117 siqui-

285 4257 310 4312 6.
330 4259 360 4310 M
375 4272 498 4309 amorem
573 4273 596 4326 7.
613 4258 637 4309 A
657 4258 767 4310 obviam
843 4271 866 4326 9.
888 4258 911 4309 Α
933 4257 1042 4309 nomine
1121 4273 1158 4309 11.
1179 4258 1203 4309 A
1224 4275 1273 4309 om.
1288 4258 1338 4309 nisi

218 4352 309 4390 11-12.
329 4337 360 4390 M
374 4353 423 4388 om.
440 4347 466 4390 et
481 4337 571 4406 operis
648 4353 686 4406 13·
708 4339 739 4388 Μ
756 4336 859 4406 primus
937 4335 973 4388 16.
996 4337 1154 4405 pauperem]
1178 4339 1206 4389 ,u
1222 4337 1337 4389 militem

216 4431 257 4469 22.
274 4418 304 4470 M
319 4415 468 4486 pretiosum
520 4417 545 4468 A
566 4433 613 4469 om.
635 4433 696 4469 mox
