3142 4875
114 389 116 392 ,
145 379 155 416 r
225 305 343 404 ‘272
647 336 818 383 {Ettllx‘tta
846 337 1013 388 sucttxua

271 449 340 458 ...-
377 451 384 454 -
459 451 463 454 .
488 448 712 455 .....--.,...--Λ-.
751 448 791 452 .-.-
919 447 1010 452 70.-.
1159 444 1344 451 .—.-—-—--
1377 444 1386 448 -

266 590 406 671 quanto
442 573 626 646 velamine
668 571 812 648 texerit.
853 571 1104 668 quanto[que]
1147 566 1387 640 absconderit

265 682 399 753 studio.
458 679 581 753 Primo
611 680 645 751 in
675 696 856 774 tempore,
888 702 963 773 quo
990 701 1101 747 verus
1122 673 1259 746 Christi
1279 697 1386 745 amor

264 789 301 860 in
330 788 503 860 eamdem
533 785 735 884 imaginem
755 786 1038 858 transformarat
1058 798 1257 862 amantem,
1280 795 1385 852 tanta

265 895 410 967 cautela
425 895 546 966 celare
562 908 599 966 et
614 892 801 965 occultare
818 891 942 987 coepit
961 890 1186 970 thesaurum,
1207 891 1383 982 utusque

263 1002 312 1074 ad
341 999 456 1073 multa
484 1017 654 1097 tempora
684 1024 752 1070 nec
782 997 850 1096 ipsi
889 996 1087 1070 familiares
1122 1009 1382 1092 agnoscerent.
1416 1019 1432 1082 5

264 1107 340 1180 Sed
369 1133 519 1203 semper
545 1106 736 1189 abscondi,
761 1131 829 1178 nec
849 1104 897 1178 ad
918 1103 1046 1177 oculos
1064 1101 1192 1174 venire
1212 1125 1383 1174 carorum

265 1214 390 1286 divina
419 1214 652 1310 providentia
691 1214 818 1284 noluit.
890 1211 990 1305 Quin
1028 1208 1140 1281 etiam
1169 1224 1207 1280 et
1236 1205 1384 1303 publica

265 1319 347 1393 loca
373 1322 625 1394 membrorum
646 1318 806 1415 idipsum
827 1344 901 1391 non
921 1316 1158 1414 patiebantur
1177 1315 1381 1387 obtectum.

265 1426 407 1500 Videns
436 1443 561 1499 autem
590 1427 705 1499 semel
735 1452 830 1497 unus
858 1426 906 1498 de
929 1424 1040 1497 sociis
1059 1422 1236 1518 stigmata
1265 1420 1300 1492 in
1321 1445 1383 1516 pe·

264 1534 374 1606 dibus
397 1534 487 1616 eiuS,
509 1532 603 1605 dixit
621 1534 671 1604 ei:
694 1532 796 1626 Quid
817 1549 873 1604 est
893 1533 973 1613 hoc,
996 1531 1095 1602 bone
1116 1526 1249 1604 frater?
1308 1528 1383 1626 Qui
1418 1550 1456 1595 ιο

264 1639 475 1736 respondit:
509 1640 645 1711 Curam
676 1638 774 1711 habe
802 1640 849 1711 de
879 1639 976 1711 iacto
1005 1656 1080 1711 tuo.

350 1751 432 1839 136.
463 1744 550 1818 Alia
576 1746 657 1818 vice
686 1744 784 1818 idem
815 1746 926 1818 srater
954 1744 1117 1818 tunicam
1146 1745 1226 1818 eius
1253 1744 1301 1817 ad
1321 1772 1383 1817 ex·

263 1854 478 1925 cutiendum
498 1869 640 1950 petens
663 1877 823 1948 eamque
839 1852 1163 1949 sanguinolentam
1184 1853 1380 1949 aspiciens

263 1960 357 2032 dixit
385 1976 515 2032 sancto
534 1976 732 2056 pcstquam
755 1958 915 2031 reddidit
935 1984 1038 2031 eam:
1062 1959 1281 2031 Cuiusmodi
1301 1984 1384 2032 san·

262 2068 348 2164 guis
377 2082 434 2139 est
462 2065 530 2148 ille,
562 2091 637 2162 quo
665 2065 791 2138 tunica
819 2065 954 2138 insecta
983 2065 1153 2138 videtur?
1222 2065 1383 2139 Sanctus
1419 2080 1453 2145 15

263 2199 353 2247 vero
373 2174 569 2269 imponens
589 2172 748 2270 digitum
763 2171 873 2245 oculo
892 2170 985 2244 dixit
1004 2172 1057 2245 ei:
1079 2174 1274 2270 Interroga
1293 2172 1383 2269 quid

166 2359 167 2362 ,
263 2297 320 2353 est
349 2280 430 2358 hoc,
463 2279 491 2350 si
522 2280 643 2352 nescis
671 2280 820 2352 oculum
849 2305 943 2357 esse.
999 2279 1101 2352 Raro
1130 2281 1256 2375 itaque
1284 2296 1383 2352 totas

262 2385 379 2461 abluit
395 2412 535 2470 manus
554 2386 693 2485 digitos
709 2402 852 2460 tantum
868 2386 1106 2483 perfundens
1126 2412 1171 2460 ne
1188 2412 1247 2460 res
1262 2403 1382 2461 astan-

262 2495 362 2567 tibus
390 2494 620 2591 proderetur.
691 2494 812 2566 Pedes
839 2518 929 2566 vero
958 2492 1056 2565 lavat
1085 2494 1280 2579 rarissime,
1314 2521 1382 2567 nec

263 2601 385 2673 minus
413 2599 558 2672 occulte
586 2625 698 2697 quam
719 2626 813 2674 raro.
872 2602 1026 2672 Manum
1046 2603 1094 2672 ab
1113 2601 1239 2697 aliquo
1257 2619 1380 2698 postu·
1412 2613 1454 2659 20

262 2706 357 2780 latus
382 2709 430 2779 ad
458 2707 624 2779 osculum
644 2707 824 2789 dimidiat,
845 2706 984 2805 digitos
1011 2722 1154 2780 tantum
1174 2710 1378 2805 proferens

261 2815 362 2910 quod
395 2812 514 2910 possit
546 2815 714 2887 osculum
747 2813 857 2910 poni;
894 2839 1161 2910 nonnunquam
1195 2840 1285 2888 vero
1313 2842 1381 2912 pro

262 2946 373 2993 manu
390 2918 572 2993 manicam
588 2921 755 3017 porrigit.
805 2921 925 2993 Pedes
944 2920 1060 2993 laneis
1074 2922 1243 3017 peduciis
1258 2922 1379 3005 vestit,

262 3053 308 3099 ne
328 3027 444 3099 videri
464 3027 617 3124 possint,
641 3026 737 3123 pelle
760 3053 873 3124 supra
895 3026 1111 3100 vulneribus
1130 3029 1261 3124 posita,
1285 3055 1380 3124 quae

261 3135 499 3229 asperitatem
521 3135 667 3207 laneam
687 3133 885 3231 mitigaret.
944 3133 1048 3206 Licet
1077 3150 1201 3208 autem
1230 3152 1381 3209 sanctus
1411 3145 1450 3209 25

261 3259 369 3338 pater
389 3266 460 3313 non
477 3257 605 3336 posset
620 3266 797 3313 manuum
817 3257 855 3313 et
874 3241 1011 3337 pedum
1033 3243 1209 3338 stigmata
1229 3242 1381 3316 omnino

261 3364 392 3445 tegere
420 3346 540 3431 sociis,
563 3373 678 3445 aegre
702 3364 828 3420 tamen
849 3349 991 3421 serebat
1018 3348 1048 3419 si
1076 3347 1210 3445 aliquis
1239 3349 1299 3423 illa
1327 3377 1381 3422 re-

261 3456 432 3552 spiceret.
491 3454 602 3527 Unde
621 3470 658 3527 et
681 3454 750 3550 ipsi
770 3454 861 3527 socii
880 3454 1031 3551 spiritus
1051 3456 1249 3552 prudentia
1267 3456 1377 3553 pleni,

261 3562 413 3658 quando
432 3560 491 3634 ille
512 3587 643 3634 manus
668 3578 732 3634 aut
759 3563 876 3657 pedes
896 3562 1018 3659 aliqua
1039 3562 1260 3636 necessitate
1281 3564 1381 3637 dete-

261 3685 380 3766 geret,
410 3667 538 3741 oculos
566 3669 796 3741 avertebant.
1411 3674 1457 3741 30

334 3921 355 3956 1.
373 3905 541 3975 quantoque]
563 3905 587 3958 A
608 3918 708 3974 quanto
800 3922 820 3973 3.
843 3907 872 3958 ,tt
890 3906 1090 3960 transformavit
1179 3926 1208 3963 21
1240 3910 1377 3978 osculum]

262 3985 292 4037 ,tt
308 3985 484 4038 osculandum
559 3999 601 4037 22.
620 3984 707 4055 quod]
730 3985 761 4036 lt
779 3998 910 4055 quantum
985 3988 1027 4039 28.
1048 3988 1080 4039 tt
1097 4007 1146 4040 om.
1162 3988 1269 4059 spiritus
