3142 4875
256 561 501 655 [decaetero]
520 556 652 630 servile
667 581 763 654 opus
783 557 904 629 facere
921 582 994 629 non
1015 574 1241 652 praesumat.
1290 557 1374 630 Pro·

253 665 429 738 missione
458 665 583 762 itaque
608 663 660 736 sic
680 663 834 748 firmata,
866 663 1073 737 cruentatio
1101 661 1294 763 sanguinis
1321 690 1374 737 re-

253 772 364 846 cessit
391 797 413 845 a
442 789 575 844 massa.

339 880 422 951 108.
454 878 594 951 Sancto
629 878 751 951 adhuc
781 877 817 949 in
847 902 959 950 carne
986 878 1146 962 vivente,
1178 904 1263 950 cum
1296 903 1373 951 mu·

253 987 319 1059 lier
348 987 531 1083 quaedam
562 986 598 1057 in
633 985 801 1082 partibus
841 984 961 1056 Aretii
1000 984 1156 1081 gravida
1193 1001 1304 1069 esset,
1334 1002 1373 1057 et
1404 1012 1420 1075 5

253 1093 427 1167 veniente
456 1108 624 1189 tempore
654 1108 791 1188 partus,
824 1091 1027 1163 incredibili
1057 1108 1240 1188 occupata
1273 1118 1371 1188 pres·

253 1226 348 1284 sura,
381 1202 416 1272 in
438 1199 617 1296 pariendo
646 1198 778 1272 diebus
806 1196 972 1295 plurimis
1000 1198 1196 1282 laboraret,
1238 1198 1373 1271 accidit

254 1309 404 1381 beatum
425 1305 665 1379 Franciscum
685 1322 772 1378 tunc
792 1304 972 1401 temporis
990 1305 1039 1377 ad
1058 1331 1224 1378 eremum
1245 1332 1373 1403 quem·

252 1417 352 1512 dam,
381 1429 534 1511 propter
562 1413 812 1485 infirmitatem
842 1412 1008 1507 corporis
1028 1437 1126 1508 equo
1155 1413 1368 1497 deductum,

254 1520 421 1595 transire.
452 1520 769 1616 Exspectantibus
789 1517 961 1591 omnibus
981 1537 1022 1592 ut
1041 1544 1108 1616 per
1126 1520 1249 1592 locum
1269 1520 1370 1592 illum
1404 1543 1445 1591 10

253 1629 408 1701 haberet
436 1627 631 1700 transitum
660 1627 695 1698 in
726 1650 801 1723 quo
839 1623 970 1697 mulier
1006 1627 1261 1723 torquebatur,
1297 1626 1370 1701 iam

253 1736 334 1831 ipso
363 1736 399 1807 in
419 1758 546 1807 eremo
566 1749 835 1831 commorante,
856 1733 969 1805 frater
983 1732 1134 1830 quidam
1155 1759 1239 1806 cum
1258 1759 1370 1830 equ0,

252 1842 310 1915 cui
339 1860 490 1915 sanctus
518 1840 716 1926 insederat,
748 1865 815 1936 per
844 1839 942 1912 illam
971 1838 1134 1913 villulam
1163 1840 1367 1936 repedavit.

254 1949 394 2022 Verum
423 1948 566 2020 incolae
595 1947 677 2031 loci,
709 1964 880 2020 sanctum
909 1946 1148 2020 Franciscum
1179 1972 1252 2020 non
1287 1972 1371 2021 esse

252 2055 510 2152 percipientes
523 2053 726 2127 contristati
745 2052 853 2126 nimis
863 2070 1068 2150 coeperunt
1079 2079 1260 2150 quaerere
1275 2055 1372 2128 inter
1404 2076 1439 2144 ¹5

252 2189 292 2235 se
322 2162 351 2235 si
381 2179 509 2258 posset
538 2188 597 2234 res
625 2162 749 2257 aliqua
769 2159 925 2233 inveniri
946 2186 1057 2258 quam
1088 2185 1199 2233 manu
1220 2161 1371 2259 propria

252 2293 382 2342 servus
419 2268 572 2341 Domini
610 2283 857 2341 attrectasset.
921 2268 970 2340 Et
1009 2267 1241 2341 invenientes
1277 2269 1369 2341 lreni

253 2378 429 2460 habenas,
461 2401 554 2473 quas
584 2401 695 2449 manu
726 2390 897 2448 tenuerat
929 2374 1019 2473 ipse,
1042 2375 1186 2448 frenum
1214 2376 1263 2448 ab
1282 2378 1369 2473 equi

251 2510 315 2557 ore
345 2484 522 2557 velociter
558 2499 813 2557 extraxerunt.
884 2482 1001 2555 Cuius
1037 2483 1203 2556 habenas
1240 2484 1371 2556 mulier

254 2616 366 2689 supra
394 2617 435 2663 se
473 2591 614 2687 positas
651 2589 826 2674 sentiens
865 2590 967 2685 omni
1003 2606 1149 2662 remoto
1191 2589 1366 2685 periculo
1398 2611 1443 2659 20

251 2724 335 2770 cum
363 2697 504 2795 gaudio
532 2698 678 2795 peperit
706 2713 743 2770 et
771 2698 903 2775 salute.

676 2904 940 2913 .---.-—.-——-—

509 3109 569 3180 De
598 3108 723 3202 ruptis
749 3117 783 3178 et
811 3107 1007 3203 reparatus
1066 3106 1165 3179 Xlll.

338 3353 420 3421 ¹09·
452 3331 584 3403 Frater
611 3331 768 3403 lacobus
798 3330 844 3403 de
865 3330 980 3413 Yseo,
1002 3329 1058 3402 vir
1076 3329 1112 3401 in
1134 3329 1278 3404 Ordine
1308 3355 1369 3401 no·

252 3459 330 3512 stro
358 3438 448 3510 satis
473 3436 621 3511 celeber
639 3452 678 3509 et
697 3438 872 3522 famosus
894 3438 942 3509 de
962 3437 1086 3533 seipso
1115 3435 1368 3509 testimonium

252 3546 380 3619 dicens
408 3546 456 3618 ad
485 3544 643 3641 gloriam
673 3544 788 3641 patris
818 3543 942 3627 nostri,
967 3569 1034 3640 pro
1063 3543 1231 3616 sanitatis
1258 3543 1365 3616 bene·
1399 3576 1441 3643 25

251 3653 334 3725 ficio
363 3651 443 3749 agit
470 3652 611 3748 gratias
639 3668 769 3724 sancto
789 3649 873 3723 Dei.
932 3651 1013 3733 Hic,
1037 3676 1119 3723 cum
1150 3675 1243 3745 puer
1269 3668 1369 3723 esset

250 3758 408 3832 tenellus
437 3760 471 3830 in
492 3760 606 3831 domo
626 3775 790 3854 paterna,
814 3759 1011 3831 fracturam
1032 3756 1184 3830 incurrit
1203 3756 1369 3853 corporis

251 3864 357 3938 ualde
372 3891 538 3963 gravem,
557 3865 807 3938 defluentibus
827 3890 923 3961 quae
943 3881 1029 3936 sunt
1047 3863 1174 3936 abdita
1202 3864 1368 3961 corporis

250 3989 286 4045 et
315 3998 412 4068 quae
442 3973 477 4043 in
498 3973 643 4045 arcanis
664 3988 795 4044 natura
816 3970 1003 4044 locaverat
1021 3972 1069 4044 ad
1089 3971 1171 4043 loca
1192 3995 1265 4043 non
1288 3995 1365 4053 sua,

249 4106 332 4151 cum
363 4080 478 4151 durae
514 4078 683 4151 molestia
719 4078 903 4152 laesionis.
971 4076 1161 4151 Dolebant
1197 4094 1303 4173 pater
1331 4093 1370 4151 et
1399 4112 1441 4177 30

248 4186 302 4258 sui
332 4186 394 4282 qui
426 4203 607 4258 noverant
636 4211 797 4277 causam,
817 4202 854 4259 et
877 4211 961 4258 cum
995 4210 1109 4281 saepe
1138 4183 1367 4258 medicorum

322 4445 344 4481 1.
365 4432 393 4482 ,ll
412 4449 460 4483 om.
480 4431 513 4484 de
534 4442 642 4484 caetero
