3142 4875
616 325 722 378 usust
750 325 936 376 ennuctscr
1312 326 1334 392 9

202 555 331 629 silium
361 557 445 641 Dei,
478 559 526 632 de
555 559 678 655 gloria
714 559 920 632 saeculiet
953 559 1117 632 vanitate
1153 559 1334 632 laetorum

205 664 333 736 adhuc
372 665 538 738 maxima
566 692 607 739 se
635 667 827 763 promittit.
886 667 983 738 Nam
1018 664 1151 738 nobilis
1186 666 1337 762 quidam

210 770 372 843 civitatis
390 772 526 846 Assisii
556 772 774 848 militaribus
793 774 907 847 armis
926 797 967 845 se
996 798 1069 845 non
1099 773 1338 846 mediocriter

212 894 423 974 praeparat,
457 897 495 952 et
524 880 643 954 inanis
672 880 816 977 gloriae
835 896 948 953 ventu
978 879 1136 964 inflatus,
1159 880 1206 951 ad
1227 904 1337 977 pecu·

162 1013 182 1076 5
215 984 300 1057 niae
319 985 379 1058 vel
408 986 561 1059 honoris
588 988 763 1084 augenda
793 986 904 1062 lucra.
928 987 1063 1058 iturum
1094 985 1129 1058 in
1158 986 1336 1082 Apuliam

215 1117 258 1163 se
286 1093 499 1188 spopondit.
532 1094 679 1188 Quibus
707 1093 853 1177 auditis,
886 1092 1116 1177 Franciscus,
1139 1094 1227 1188 quia
1245 1092 1337 1165 levis

216 1196 342 1270 animo
371 1215 451 1272 erat
470 1217 527 1290 et,
537 1225 611 1272 non
631 1201 820 1273 modicum
840 1202 974 1283 audax,
998 1201 1045 1272 ad
1065 1201 1230 1273 eundum
1251 1225 1335 1272 con-

216 1305 333 1401 spirat
361 1331 446 1378 eum
472 1306 543 1390 illu,
566 1307 717 1404 generis
738 1308 930 1380 nobilitate
950 1306 1070 1402 impar
1097 1307 1164 1380 sed
1184 1331 1335 1404 magna·
1404 1301 1408 1308 ’

218 1411 384 1486 nimitate
420 1414 599 1509 superior,
640 1413 840 1512 pauperior
876 1412 1012 1486 divitiis
1047 1415 1113 1486 sed
1150 1414 1337 1511 profusior

144 1547 189 1591 10
217 1518 402 1616 largitate.

301 1648 333 1718 5.
363 1628 424 1698 De
461 1627 620 1699 Vnone.
672 1628 795 1700 Nocte
828 1626 942 1724 igitur
977 1628 1137 1722 quadam
1165 1654 1249 1700 cum
1287 1629 1335 1700 ad

216 1732 311 1805 haec
340 1734 634 1806 consummanda
653 1749 733 1806 tota
750 1760 793 1806 se
812 1733 1081 1806 deliberatione
1100 1734 1276 1819 dedisset,
1299 1749 1337 1807 et

217 1839 405 1912 desiderio
434 1856 610 1913 aestuans
637 1840 785 1934 aditet
813 1842 1003 1937 agendum
1033 1839 1195 1914 maxime
1224 1842 1336 1914 anhe-

216 1946 319 2029 laret,
351 1948 414 2043 qui
444 1963 678 2042 percusserat
706 1973 793 2021 eum
822 1947 858 2019 in
877 1946 985 2046 virga
1013 1946 1173 2020 iustitiae
1201 1973 1269 2044 per
1286 1947 1337 2020 vi-

147 2081 186 2144 15
216 2052 361 2125 sionem
391 2070 610 2126 nocturnam
631 2053 754 2127 visitat
773 2079 860 2126 eum
879 2053 915 2126 in
945 2053 1142 2127 dulcedine
1171 2054 1334 2152 gratiae;

216 2177 254 2232 et
283 2159 370 2255 quia
398 2159 542 2259 gloriae
577 2161 735 2257 cupidus
762 2177 852 2241 erat,
891 2159 1036 2258 gloriae
1073 2160 1221 2255 fastigio
1249 2187 1336 2234 eum

215 2266 330 2340 allicit
348 2281 386 2339 et
402 2266 552 2341 exaltat.
593 2266 801 2340 Videbatur
819 2267 854 2339 ei
875 2293 1036 2363 namque
1057 2267 1209 2340 domum
1229 2293 1335 2340 suam

215 2388 333 2447 totam
362 2374 502 2448 habere
530 2373 679 2472 plenam
717 2373 935 2448 militaribus
963 2374 1085 2461 armis,
1117 2374 1216 2449 sellis
1245 2374 1337 2449 scili·

216 2497 287 2565 cet,
304 2480 456 2577 clypeis
473 2481 621 2567 lanceis,
640 2499 678 2556 et
693 2483 851 2555 caeteris
866 2482 1125 2579 apparatibus;
1147 2484 1337 2580 gaudens-

146 2617 188 2663 20
216 2613 291 2684 que
319 2586 529 2684 plurimum,
560 2589 650 2685 quid
678 2589 749 2662 hoc
783 2606 883 2662 esset
911 2614 1038 2661 secum
1067 2590 1202 2662 tacitus
1230 2590 1336 2664 mira-

215 2695 336 2767 batur.
407 2696 493 2768 Non
523 2695 623 2769 enim
652 2711 899 2769 consueverat
932 2695 1019 2769 talia
1052 2696 1089 2768 in
1126 2698 1240 2770 domo
1268 2722 1335 2770 sua

215 2802 355 2885 videre,
373 2802 440 2875 sed
459 2802 584 2899 potius
602 2828 811 2900 pannorum
827 2803 996 2875 cumulos
1015 2803 1063 2875 ad
1083 2803 1333 2876 vendendum.

217 2908 390 3005 Cumque
427 2910 476 3011 ad
510 2910 674 2983 subitum
703 2935 826 2982 rerum
860 2925 1036 2983 eventum
1066 2926 1233 3006 stuperet
1261 2936 1336 2983 non

217 3017 416 3093 modicum.
449 3042 669 3113 responsum
707 3033 766 3090 est
794 3015 827 3090 ei
863 3016 989 3089 omnia
1017 3016 1110 3090 haec
1138 3043 1242 3091 arma
1270 3042 1338 3090 sua

148 3150 186 3216 25
217 3123 295 3196 lore
338 3123 571 3220 militumque
612 3149 775 3197 suorum.
851 3123 1151 3222 Expergesactus
1186 3149 1336 3220 quoque

215 3229 344 3302 animo
370 3229 551 3329 gaudenti
580 3256 690 3304 mane
727 3231 897 3315 surrexit,
929 3247 967 3303 ct
995 3231 1233 3328 praesagium
1263 3256 1337 3305 ma·

217 3361 316 3433 gnae
344 3336 603 3433 prosperitatis
623 3354 801 3435 reputans
819 3335 1011 3420 visionem,
1044 3363 1264 3435 prosperum
1286 3338 1303 3410 f
1325 3382 1336 3392 ·

217 3458 340 3515 turum
369 3442 440 3516 iter
474 3469 581 3516 suum
610 3442 647 3517 in
675 3443 853 3541 Apuliam
882 3461 1083 3518 securatur.
1135 3444 1338 3517 Nesciebat

219 3549 316 3622 enim
346 3550 436 3646 quid
474 3550 626 3634 diceret,
658 3568 696 3625 et
724 3577 859 3623 munus
894 3550 962 3623 sibi
999 3551 1047 3624 de
1075 3550 1179 3623 caelo
1208 3552 1336 3623 datum

152 3684 191 3749 30
217 3656 340 3730 adhuc
355 3655 509 3730 minime
528 3659 794 3756 cognoscebat.
830 3658 870 3730 In
892 3683 937 3730 eo
956 3674 1081 3731 tamen
1103 3659 1337 3754 perpendere

290 3919 311 3957 1.
332 3902 353 3956 R
373 3902 506 3957 saeculari
543 3903 590 3958 AS
606 3914 632 3958 et
651 3903 751 3958 saeculi
771 3920 832 3956 van.
906 3903 1061 3973 4.Rparat
1137 3919 1176 3956 11.
1191 3903 1225 3966 Ε,
1243 3903 1286 3967 Μ,
1308 3900 1342 3952 W

217 3981 301 4039 Vitio.
364 3983 597 4037 11·12.Madhuc
663 3987 906 4052 13.Eexaestuaus
943 3986 990 4038 As
1003 4001 1053 4037 om.
1069 3984 1188 4037 maxime
1251 3985 1339 4053 ις.ος

217 4063 334 4117 visitavit
382 4063 589 4119 Edulcedinem
664 4066 705 4120 18.
725 4067 757 4119 W
773 4075 923 4119 oru.totam
1000 4065 1093 4131 18-19.
1111 4065 1145 4117 Os
1160 4064 1208 4116 sel.
1225 4076 1251 4115 et
1267 4063 1338 4134 clyp.

219 4157 259 4198 20.
275 4144 310 4198 Os
322 4144 377 4197 hoc
390 4142 523 4214 significet
561 4146 650 4198 Mum.
664 4160 758 4198 secum
826 4145 970 4212 23.H0m.
984 4155 1111 4196 eventum
1180 4158 1220 4206 24·
1239 4144 1338 4198 Osom.

218 4224 311 4277 omnia
402 4221 500 4293 25-26.
518 4224 548 4277 H
568 4223 775 4296 Expergefactus
798 4227 946 4294 animoque
1038 4239 1079 4292 27.
1101 4224 1135 4277 Os
1154 4223 1339 4294 prosperitatis

218 4304 321 4358 visione
396 4304 491 4371 27-28.
512 4304 544 4358 M
559 4302 694 4357 facturum
780 4306 821 4358 28.
843 4304 877 4358 05
896 4320 926 4356 se
945 4304 1103 4357 consolatur
1184 4316 1283 4371 29-30.
1305 4303 1339 4357 05

219 4384 309 4439 datum
329 4382 443 4437 minime
462 4385 678 4454 cognoscebatur
