3142 4875
622 330 900 381 PROLEGOMENA
1248 335 1321 384 LVII
1362 378 1366 385 .

191 576 288 620 nouus
315 553 538 633 anecdotorum,
572 552 626 620 ubi
658 554 807 620 recitatur
833 554 988 643 prologus
1016 579 1090 622 cum
1115 555 1178 623 hoc
1206 556 1319 623 titulo:

198 688 214 723 a
228 660 394 746 Anonymi
415 660 624 748 prooemium
645 660 677 726 in
697 661 798 726 vitam
817 662 917 728 sancti
935 662 1093 729 Francisci
1112 664 1263 751 scriptam
1280 664 1319 730 ab

195 767 263 833 eius
287 765 492 854 discipulos,
515 789 591 834 cum
614 767 808 845 indicatione
837 768 916 834 «Ex
942 793 1001 836 ms.
1029 771 1217 855 Joyacensis
1248 795 1320 838 mo·

196 873 324 941 nasterii
338 874 407 941 ».(¹>

264 982 560 1069 Longipontis
583 981 660 1048 olim
678 982 834 1050 exsistens
857 984 890 1049 in
915 981 1106 1051 bibliotheca
1134 985 1324 1052 Monasterii

196 1088 415 1156 Cisterciensis
446 1087 541 1155 huius
572 1088 633 1154 loci
666 1088 891 1178 (Longpont)
926 1090 958 1156 iu
994 1088 1134 1156 dioecesi
1170 1092 1322 1159 Suessio-

197 1196 297 1260 nensi.
309 1194 343 1247 (²)
402 1194 578 1262 Casimirus
598 1194 723 1262 ,oudin
748 1194 792 1260 de
829 1194 941 1262 codice
966 1212 997 1261 et
1031 1196 1167 1284 legenda
1199 1198 1245 1264 sic
1273 1199 1320 1266 lo-

195 1302 316 1388 quitur:
346 1298 473 1388 «Opus
498 1301 560 1366 hoc
583 1298 716 1388 quidem
739 1322 942 1388 anonymum
961 1322 1064 1370 exstat
1084 1304 1143 1371 MS
1163 1306 1195 1371 in
1217 1327 1320 1371 mem·

197 1407 293 1474 brana
320 1405 351 1474 in
384 1408 577 1475 bibliotheca
605 1408 832 1496 Longipontis,
867 1408 1001 1477 Ordinis
1035 1410 1253 1478 Cisterciensis
1285 1413 1316 1479 in

195 1514 419 1581 Suessionensi
444 1534 557 1593 tractu,
583 1515 640 1580 has
672 1516 867 1603 antiquitatis
891 1514 1011 1583 habens
1038 1536 1131 1583 notas
1156 1536 1191 1584 ut
1214 1517 1317 1586 codex

195 1621 361 1709 originalis
385 1621 485 1688 videri
508 1624 609 1710 possit
624 1622 692 1688 ›s.(³)
739 1622 778 1688 Et
802 1622 903 1689 addit:
929 1623 1062 1691 «Huius
1086 1625 1274 1714 exemplum
1300 1651 1318 1694 a

195 1730 341 1796 iohanne
373 1730 512 1817 Baptista
536 1729 745 1810 Desnoiville,
770 1730 864 1797 huius
895 1730 1038 1798 abbatiae
1054 1733 1174 1809 Priore,
1201 1733 1239 1799 ad
1264 1758 1316 1800 me

194 1837 429 1915 transmissum,
454 1836 535 1903 meis
566 1838 649 1903 curis
673 1836 712 1904 ad
737 1828 908 1904 Danielem
938 1837 1194 1925 Papebrochium
1223 1837 1317 1907 desti-

194 1963 306 2009 natum
331 1965 368 2009 ac
388 1961 551 2030 receptum
571 1963 619 2011 est
634 1970 664 2011 s.
679 1983 719 1992 -
737 1944 818 2010 «Sic
843 1964 890 2010 est
903 1971 932 2021 u,
956 1943 1092 2011 affirmat
1115 1947 1151 2012 P.
1176 1947 1318 2032 Suyske·

192 2054 265 2119 nius
287 2053 354 2140 qui,
379 2049 534 2118 defuncto
558 2053 594 2118 P.
615 2052 738 2118 Ioanne
754 2052 917 2138 Stiltingo,
933 2072 1023 2139 gesta
1039 2054 1139 2119 sancti
1157 2053 1319 2122 Francisci

117 2174 120 2177 ’
191 2159 374 2225 illustranda
393 2160 530 2246 suscepit
550 2177 581 2224 et
605 2159 812 2247 manuscripti
830 2160 1043 2246 Longipontis
1061 2178 1184 2227 textum
1205 2161 1317 2240 edidit,

191 2266 247 2333 sed
271 2264 449 2333 dolendum
472 2286 520 2332 est
544 2266 579 2332 P.
604 2263 835 2351 Suyslrenium,
858 2289 915 2352 pro
935 2289 1026 2332 more
1046 2288 1179 2334 suorum
1205 2266 1317 2335 deces-

189 2395 314 2452 sorum,
331 2391 456 2440 textum
481 2372 598 2440 codicis
615 2395 689 2441 cum
706 2372 916 2440 divisionibus
932 2393 963 2440 et
979 2374 1078 2441 titulis
1098 2375 1314 2463 capitulorum

191 2504 258 2548 non
283 2480 433 2562 edidisse,
455 2479 512 2548 sed
536 2504 638 2547 novas
662 2478 825 2547 induxisse
849 2479 1036 2547 divisiones.

260 2588 371 2655 Lectio
397 2589 491 2655 huius
523 2587 641 2654 codicis
663 2588 728 2653 iam
754 2588 869 2655 multas
894 2588 1051 2655 variantes
1076 2587 1216 2676 praebet,
1240 2613 1316 2677 qua·

194 2720 265 2763 rum
293 2696 469 2763 nonnullae
498 2694 607 2762 forsan
634 2694 822 2762 tribuendae
845 2714 920 2761 sunt
946 2694 1066 2761 scribae
1097 2696 1150 2783 qui
1181 2719 1315 2784 apogra-

194 2804 295 2892 phum
330 2802 550 2891 Papebrochio
582 2802 805 2869 transmissum
833 2803 985 2883 exaravit,
1016 2802 1100 2868 unde
1132 2803 1313 2890 antiquitas,

193 2932 290 2999 quam
319 2911 363 2977 illi
387 2909 544 2981 tribuebat
567 2909 731 2990 Oudinus
762 2908 958 2983 admittenda
989 2931 1056 2976 non
1080 2909 1213 2991 videtur,
1242 2910 1316 2977 licet

193 3018 319 3084 saeculo
344 3037 403 3083 x111
427 3016 479 3082 ille
504 3034 608 3083 textus
632 3018 734 3105 possit
757 3015 902 3083 adscribi.

258 3123 502 3191 Advertendum
533 3142 581 3189 est
600 3125 729 3211 insuper
746 3124 779 3189 in
806 3121 947 3188 editione
971 3144 1057 3188 nova
1083 3125 1229 3189 Actorum
1259 3122 1314 3190 55.

193 3231 335 3322 (Parisiis
359 3230 474 3320 1866),
493 3230 597 3319 plures
620 3230 782 3319 irrepsisse
807 3229 940 3297 mendas
964 3230 1211 3317 typographicus
1231 3253 1313 3317 quae

193 3363 258 3407 non
281 3339 440 3418 habentur
456 3339 485 3405 in
507 3337 648 3404 editione
664 3336 811 3425 originali
828 3337 1040 3427 (Antuerpiae
1061 3335 1174 3425 1768).
1223 3335 1313 3415 Qua·

192 3460 317 3535 propter
350 3445 427 3513 huic
457 3444 588 3513 editioni
619 3446 856 3532 Antuerpianae
886 3445 958 3510 steti
993 3445 1025 3510 in
1058 3444 1224 3509 notatione
1259 3467 1314 3510 va·

191 3573 349 3621 nantium.

259 3896 300 3968 (1)
321 3897 466 3949 Maurius
491 3909 518 3950 et
545 3895 682 3957 Duuauo,
715 3893 925 3955 Thesaurus...,
950 3891 1068 3954 Parisiis,
1096 3903 1171 3957 1717,
1198 3902 1266 3943 tom.
1290 3889 1310 3951 l,

192 4001 213 4039 c.
231 3985 291 4055 956.
307 4015 343 4024 -
357 3984 507 4036 Suanetes
526 3983 590 4035 illud
610 3982 778 4054 prooemium
792 3998 825 4033 ex
837 3979 889 4033 hoc
904 3996 985 4050 opere
1000 3981 1144 4050 reportavit
1163 3978 1189 4029 in
1211 3978 1311 4049 Supple-

190 4082 268 4128 mrulo
287 4073 320 4127 ad
340 4072 479 4142 Scriptores
496 4071 559 4126 Ord.
580 4072 720 4135 Minorasti,
740 4086 764 4141 p.
784 4068 846 4136 672.

258 4163 298 4232 (2)
319 4159 475 4214 Fundatum
494 4158 543 4212 suit
560 4159 614 4212 hoc
631 4157 832 4211 Monasterium
849 4173 922 4208 anno
939 4171 1004 4226 1132
1020 4154 1213 4224 (Cremasten,
1232 4154 1312 4224 Topo-

190 4250 260 4313 arat,
280 4267 303 4303 c.
328 4248 417 4317 1749).

257 4341 298 4409 (3)
320 4338 523 4393 Commentarius
549 4337 577 4391 da
602 4336 772 4409 Scriptoribus
799 4333 921 4387 Ecclesiae
952 4333 1070 4403 antiquis,
1097 4331 1211 4401 Lipsiae,
1233 4343 1312 4398 1722,

190 4440 253 4483 tom.
272 4430 320 4495 ΙΙΙ,
342 4445 366 4483 c.
389 4442 446 4495 ¹05·

324 4594 339 4637 C
