3142 4875
622 348 727 397 nunti
755 348 941 396 FRANCISCI
1271 344 1342 416 105

220 580 446 678 episcopum
476 579 726 664 Hostiensem,
758 579 813 652 sui
844 581 1072 675 fratrumque
1101 606 1252 653 suorum
1282 608 1346 678 pa·

222 705 317 761 trem
351 705 388 759 et
417 688 609 759 dominum
630 687 830 759 ordinaret.
887 687 1032 759 Annuit
1053 688 1225 760 dominus
1245 689 1346 784 Papa

225 794 400 892 precibus
430 795 557 877 sancti,
590 809 628 866 et
655 794 821 891 benigne
858 795 1124 890 obtemperans
1161 821 1267 867 suam
1297 795 1346 866 illi

225 927 339 998 super
367 901 538 973 ordinem
567 902 720 973 fratrum
741 900 897 972 contulit
916 918 1153 997 potestatem.
1221 902 1346 994 Quam

172 1035 194 1100 5
225 1008 286 1081 ille
315 1024 530 1080 reverenter
549 1024 587 1080 et
611 1007 747 1080 devote
767 1007 986 1104 suscipiens,
1017 1015 1207 1104 tam‘quam
1229 1008 1348 1081 fidelis

227 1140 357 1187 servus
393 1131 430 1186 et
467 1115 631 1211 prudens
669 1104 893 1186 constitutus
921 1141 1034 1211 super
1067 1115 1242 1188 familiam
1270 1115 1348 1187 Do-

227 1221 327 1304 mini,
350 1222 526 1293 studebat
554 1220 675 1293 modis
703 1221 877 1294 omnibus
897 1221 1020 1293 cibum
1050 1237 1226 1295 aeternae
1247 1221 1347 1295 vitae

227 1328 296 1400 sibi
313 1328 520 1401 commissis
533 1329 742 1401 ministrare
757 1328 795 1401 in
811 1345 980 1425 tempore
993 1344 1216 1424 opportuno
1262 1330 1348 1401 Pro

228 1451 357 1531 pterea
386 1451 537 1507 sanctus
565 1452 672 1532 pater
700 1436 822 1507 modis
856 1435 1029 1507 omnibus
1058 1461 1098 1509 se
1127 1436 1348 1508 subiiciebat

152 1569 197 1614 10
229 1543 272 1623 ei,
305 1558 343 1614 et
372 1543 464 1613 miro
492 1567 537 1615 ac
572 1542 757 1614 reverenti
795 1569 880 1615 eum
916 1540 1165 1615 venerabatur
1199 1543 1344 1615 affectu

226 1648 442 1743 Propheta
526 1648 664 1744 Spiritu
704 1648 795 1720 Dei
815 1648 1030 1733 ducebatur,
1070 1674 1146 1744 quo
1184 1649 1348 1745 repletus

228 1772 318 1838 erat,
341 1772 379 1827 et
398 1754 483 1827 ideo
504 1756 618 1852 longe
637 1771 724 1827 ante
744 1756 957 1827 intuebatur
986 1756 1087 1850 quod
1107 1757 1347 1851 postmodum

228 1877 309 1933 erat
337 1862 373 1933 in
403 1864 520 1934 oculis
548 1862 714 1934 omnium
743 1862 796 1934 sic
827 1863 1010 1933 futurum·
1059 1864 1156 1934 Nam
1186 1862 1343 1957 quoties

229 1967 418 2040 familiaris
447 1968 638 2065 religionis
667 1986 826 2066 urgente
855 1994 976 2053 causa,
1001 1967 1057 2039 vel
1086 1968 1211 2064 potius
1231 1969 1347 2042 chari-

153 2099 192 2162 15
228 2091 304 2148 tate
330 2075 468 2147 Christi
489 2101 563 2172 qua
583 2099 675 2173 erga
704 2076 824 2171 ipsum
855 2075 1038 2172 flagrabat
1068 2093 1239 2171 cogente,
1262 2074 1348 2148 scri·

228 2184 318 2255 bere
354 2182 466 2254 vellet
503 2183 548 2267 ei,
588 2208 825 2278 nequaquam
863 2181 1128 2277 acquiescebat
1161 2183 1282 2278 ipsum
1313 2183 1348 2254 in

228 2289 360 2361 litteris
389 2289 465 2361 suis
492 2290 616 2362 vocari
647 2288 865 2385 episcopum
895 2288 1146 2373 Hostiensem,
1170 2315 1235 2361 seu
1267 2288 1351 2360 Vel-

229 2394 440 2482 letrensem‚
471 2398 567 2469 sicut
595 2395 731 2470 caeteri
770 2396 971 2470 utebantur
999 2395 1034 2467 in
1065 2396 1351 2469 salutationibus

229 2504 428 2585 consuetis,
460 2504 527 2577 sed
556 2521 748 2600 assumpta
778 2503 933 2575 materia
956 2505 1022 2574 -sic
1059 2502 1198 2575 aiebat:
1231 2505 1351 2576 Reve-

153 2631 198 2678 20
228 2611 452 2682 rendissimo
480 2611 586 2706 patri,
618 2611 697 2683 sive
725 2610 888 2690 domino,
913 2611 1066 2708 Hugoni
1087 2611 1202 2682 totius
1223 2612 1350 2682 mundi

229 2718 419 2813 episcopo.
478 2717 601 2814 Saepe
632 2743 792 2814 namque
821 2718 1145 2790 benedictionibus
1174 2716 1350 2789 inauditis

228 2825 415 2896 salutabat
434 2849 530 2908 eum,
554 2843 592 2896 et
611 2825 697 2896 licet
715 2840 816 2896 esset
835 2825 972 2897 devota
992 2823 1223 2897 subiectione
1244 2823 1349 2909 lilius,

229 2930 394 3002 dictante
433 2945 558 3003 tamen
596 2932 736 3028 spiritu,
769 2933 997 3027 quandoque
1036 2930 1157 3027 ipsum
1194 2949 1352 3028 paterno

230 3037 495 3109 consolabatur
523 3036 718 3133 colloquio,
742 3055 782 3109 ut
810 3039 1038 3111 confortaret
1054 3063 1167 3134 super
1184 3065 1271 3110 eum
1291 3040 1353 3111 be·

154 3165 174 3213 2
180 3166 198 3232 5
231 3144 463 3216 nedictiones
478 3161 635 3241 patrum,
654 3146 775 3217 donec
790 3146 934 3241 veniret
954 3144 1182 3218 desiderium
1203 3145 1352 3217 collium

230 3268 480 3324 aeternorum.
786 3329 789 3334 ,

316 3381 399 3430 101.
432 3358 557 3430 Nimio
586 3383 737 3454 quoque
765 3384 893 3431 amore
922 3358 1044 3430 dictus
1065 3357 1240 3431 dominns
1259 3383 1352 3454 erga

228 3481 399 3537 sanctum
437 3465 556 3537 virum
585 3464 778 3563 flagrabat,
811 3481 849 3537 et
877 3465 963 3537 ideo
1000 3464 1182 3561 quidquid
1219 3467 1352 3537 beatus

303 3697 363 3736 1-2.
384 3684 413 3737 Μ
429 3702 478 3736 om.
498 3696 602 3753 patrem
633 3710 638 3721 ·
678 3700 699 3750 3.
720 3684 818 3753 sancti]
839 3684 868 3736 H
886 3684 940 3735 suis
949 3703 957 3744 ,·
981 3685 1011 3735 ll
1028 3685 1128 3735 sanctis
1201 3682 1225 3736 6.
1247 3685 1267 3736 L
1288 3701 1355 3736 con·

227 3762 387 3816 stitutusest
423 3765 605 3834 A5,Esupra
663 3764 790 3832 9.Esese
853 3764 1138 3816 10.Pvencmbantur
1207 3764 1358 3817 11-12.A5

228 3860 278 3896 om.
291 3859 346 3913 quo
358 3873 373 3883 -
386 3843 537 3900 intuebatur
614 3858 651 3895 12.
669 3844 692 3897 Ε
703 3861 751 3896 ont.
765 3857 791 3895 et
804 3844 866 3895 ideo
880 3852 901 3897 et
915 3845 959 3912 leg.
974 3845 1057 3910 longe
1072 3857 1162 3895 autem
1179 3845 1225 3895 int.
1283 3858 1357 3912 post·

229 3924 504 3995 modum]Hpostea
581 3924 849 3995 15.ipsunr]Peum
902 3928 997 3990 AM
1010 3945 1057 3978 om.
1072 3938 1186 3994 cogente
1264 3942 1302 3995 17.
1322 3927 1357 3979 Os

228 4020 277 4057 seu
297 4004 379 4056 etiam
464 4006 559 4073 17·18.
578 4004 790 4073 Velletrensem]
812 4006 833 4058 P
851 4005 1056 4058 Vellercensern
1145 4022 1183 4076 ¹9·
1204 4006 1355 4075 consuetis]

230 4084 253 4137 E
264 4084 321 4136 suis
379 4085 678 4152 19-20.EReverendo
716 4084 821 4138 Ll'atri
835 4086 1063 4138 reverendissimo
1078 4086 1192 4138 domino
1259 4087 1358 4139 20.0x

226 4163 344 4217 domino
354 4163 410 4217 sive
421 4166 486 4235 patri
524 4166 592 4234 sive]
605 4166 663 4218 Eet
731 4181 773 4219 21.
784 4165 925 4233 inauditis]
939 4165 1104 4217 Pmnndatis
1173 4181 1213 4218 22.
1228 4165 1246 4216 ll
1259 4166 1357 4218 salutat

230 4257 325 4309 22-24.
347 4245 382 4298 Or
400 4262 448 4298 om.
468 4260 494 4298 et
514 4245 676 4320 licet-eum
750 4262 792 4312 23.
813 4247 936 4314 paterno]
962 4245 1005 4297 As
1027 4258 1130 4314 patrem
1206 4261 1301 4312 24-25.
1323 4249 1358 4299 05

229 4324 458 4378 benedictionibus
522 4341 563 4394 25·
573 4325 735 4378 desiderium
748 4325 871 4393 collium]
884 4326 914 4377 M
926 4325 1093 4395 colloquium
1160 4341 1200 4395 27.
1210 4327 1255 4378 AS
1265 4342 1358 4379 amore

228 4403 378 4457 ducebatur
396 4405 458 4462 dict.
532 4407 573 4460 28.
593 4407 639 4460 As
656 4424 705 4460 om.
725 4405 855 4476 flagrabat
