3142 4875
659 355 764 404 BEATI
794 354 979 403 FRnNCISCI
1167 352 1170 359 '
1308 353 1381 422 109

255 590 366 675 disse,
389 605 428 662 et
447 587 688 686 infatigabilis
707 589 846 661 durans
866 589 903 661 in
923 604 1075 661 sanctae
1096 588 1271 660 novitatis
1295 614 1379 685 pro-

256 695 390 794 posito
422 721 572 792 semper
600 695 776 769 inchoare
806 696 992 792 sperabat.
1050 696 1218 790 Perfecta
1254 696 1380 767 humi·

257 805 357 876 litas.
415 801 579 876 Volebat
594 803 642 875 ad
661 802 900 875 serviendum
920 801 1077 898 leprosis
1097 798 1218 875 redire
1238 804 1374 885 denu0,

258 927 296 983 et
336 911 465 983 haberi
507 909 748 1006 contemptui,
784 909 880 982 sicut
916 908 1118 1006 aliquando
1155 910 1375 983 habebatur.

207 1045 225 1109 5
258 1017 464 1090 Hominum
493 1015 815 1090 conversationem
845 1018 975 1114 fugere
995 1018 1241 1113 proponebat,
1262 1032 1301 1089 et
1327 1018 1377 1089 ad

257 1123 339 1197 loca
354 1123 602 1197 remotissima
617 1150 657 1197 se
673 1125 853 1205 conferre,
874 1139 911 1195 ut
931 1124 983 1195 sic
1003 1138 1138 1195 exutus
1153 1123 1254 1195 omni
1275 1150 1374 1205 cura,

257 1247 296 1304 et
323 1230 479 1331 aliorum
499 1229 746 1303 sollicitudine
767 1230 948 1328 deposita,
980 1230 1080 1301 solus
1113 1228 1234 1302 carnis
1254 1230 1380 1326 paries

258 1338 353 1410 inter
380 1363 422 1410 se
450 1355 488 1410 et
516 1338 641 1410 Deum
670 1337 817 1410 interim
847 1352 1048 1433 separaret.

344 1468 427 1535 104.
450 1444 614 1517 Videbat
633 1443 732 1516 enim
749 1445 884 1517 multos
904 1444 951 1516 ad
968 1441 1171 1541 magisterii
1191 1442 1378 1540 regimina

186 1579 227 1625 1o
257 1551 467 1630 convolare,
499 1578 658 1648 quorum
687 1550 938 1623 temeritatem
958 1551 1159 1634 detestans,
1181 1551 1228 1621 ab
1250 1551 1378 1623 huius-

257 1657 358 1731 modi
369 1675 475 1755 peste
487 1657 727 1755 suiexemplo
739 1683 916 1731 revocare
926 1658 1101 1729 studebat
1111 1683 1186 1729 eos.
1212 1657 1374 1756 [wilte]

256 1765 435 1837 doctrina.
494 1763 656 1837 Dicebat
685 1765 783 1838 enim
813 1766 953 1837 bonum
982 1765 1061 1836 sore
1086 1788 1212 1836 coram
1233 1764 1319 1836 Deo
1339 1780 1379 1836 et

256 1870 488 1970 acceptabile
516 1898 642 1944 curam
671 1897 806 1970 gerere
834 1871 1000 1954 aliorum,
1033 1886 1071 1942 et
1090 1870 1376 1942 sollicitudinem

256 1978 464 2053 animarum
484 1978 608 2052 aiebat
628 2004 693 2051 eos
713 1977 903 2074 suscipere
923 1979 1073 2061 debere,
1096 1978 1158 2072 qui
1180 1978 1376 2050 dumtaxat

186 2114 224 2179 15
256 2086 293 2158 in
332 2112 377 2159 ea
406 2083 495 2158 nihil
527 2087 575 2159 de
595 2111 664 2159 suo
697 2101 931 2181 quaererent,
954 2084 1022 2156 sed
1042 2084 1205 2155 divinam
1227 2108 1378 2179 semper
1470 2125 1476 2134 ·

256 2192 293 2265 in
323 2192 495 2265 omnibus
523 2193 761 2266 attenderent
798 2192 1040 2264 voluntatem.
1099 2191 1172 2283 Qui
1203 2188 1379 2262 videlicet

256 2299 430 2396 propriae
467 2299 575 2372 saluti
615 2300 704 2373 nihil
734 2314 1028 2396 praeponerent,
1064 2314 1102 2369 et
1139 2295 1373 2369 subditorum

258 2432 332 2480 non
360 2406 563 2503 applausus
592 2407 831 2480 attenderent
867 2407 934 2478 sed
971 2405 1172 2501 profectus,
1209 2429 1282 2476 non
1317 2429 1378 2477 co-

257 2540 336 2586 ram
366 2514 578 2587 bominibus
617 2540 794 2610 pompam
834 2514 898 2586 sed
929 2512 1086 2611 gloriam
1115 2528 1202 2584 ante
1231 2512 1375 2595 Deum;

184 2647 228 2693 20
258 2622 320 2717 qui
349 2622 619 2717 praelationem
642 2647 715 2693 non
734 2621 953 2694 affectarent
972 2621 1039 2692 sed
1067 2619 1241 2691 timerent
1250 2645 1257 2702 ;
1280 2644 1378 2715 quos

257 2729 385 2801 habita
413 2754 487 2801 non
517 2727 713 2801 extolleret
742 2730 809 2799 sed
837 2726 1057 2810 humiliaret,
1082 2741 1119 2797 et
1147 2726 1271 2798 ablata
1301 2752 1376 2799 non

257 2833 435 2908 deiiceret
449 2835 515 2909 sed
526 2837 718 2909 exaltaret.
758 2834 834 2907 Sed
844 2832 1045 2931 praecipue
1060 2832 1097 2904 in
1107 2850 1275 2928 tempore
1291 2833 1374 2917 hoc,

258 2941 294 3014 in
323 2968 398 3039 quo
426 2958 571 3014 tantum
601 2942 882 3039 superexcrevit
913 2939 1052 3013 malitia
1081 2956 1119 3012 et
1147 2941 1376 3035 superabun-

257 3048 359 3121 davit
373 3048 558 3145 iniquitas,
577 3047 827 3145 periculosum
848 3048 997 3120 dicebat
1018 3062 1160 3143 regere,
1184 3046 1264 3144 regi
1284 3072 1375 3118 vero

183 3181 204 3227 2
211 3183 227 3246 5
257 3155 467 3228 affirmabat
481 3155 616 3228 utilius.
660 3156 826 3228 Dolebat
845 3153 1026 3251 quosdam
1043 3153 1163 3250 prima
1183 3180 1298 3249 opera
1317 3179 1376 3226 re·
1416 3221 1419 3226 .

255 3262 416 3359 liquisse,
448 3279 487 3336 et
515 3263 621 3336 novis
662 3261 989 3357 adinventionibus
1017 3260 1211 3357 pristinam
1240 3260 1378 3333 oblitos

256 3394 339 3443 esse
359 3368 644 3468 simplicitatem.
702 3370 907 3465 Propterea
927 3368 1200 3441 lamentabatur
1219 3392 1284 3439 eos
1312 3367 1375 3462 qui

256 3477 482 3574 quandoque
511 3478 633 3575 magis
652 3474 905 3573 superioribus
933 3491 1014 3547 toto
1043 3474 1230 3546 desiderio
1259 3473 1376 3546 inten-

256 3582 405 3671 debant,
428 3586 475 3657 ad
496 3583 622 3656 infima
650 3599 688 3657 et
714 3582 801 3656 vilia
821 3582 1073 3666 descendisse,
1095 3598 1133 3653 et
1152 3606 1219 3677 per
1245 3581 1378 3653 frivola

324 3863 349 3920 6.
368 3864 399 3917 M
415 3865 561 3917 remotiora
580 3871 605 3916 rt
622 3881 670 3917 om.
692 3862 767 3916 omni
842 3865 865 3915 8.
886 3862 968 3930 inter]
989 3863 1009 3915 R
1030 3863 1056 3914 in
1108 3862 1156 3914 AS
1173 3880 1220 3914 om.
1241 3875 1267 3915 et
1285 3861 1376 3916 Deum

255 3942 284 3995 H
304 3957 423 4015 separet,·
447 3945 478 3997 Μ
499 3945 640 4013 separabat
722 3959 760 3998 11.
786 3942 880 4012 Utilis]
903 3942 1011 3995 BVilis
1094 3957 1132 3995 12.
1151 3943 1199 3995 As
1216 3961 1264 3996 orn.
1282 3959 1376 3995 coram

199 4045 203 4052 ·
258 4014 468 4089 14205dicebat
518 4023 726 4086 E,Hdecere,·
752 4025 781 4076 Μ
803 4024 1069 4085 docere;Pdicere
1157 4037 1195 4087 15.
1219 4023 1245 4074 in
1269 4023 1312 4091 en]
1335 4024 1377 4076 Ox

253 4101 314 4156 inde
367 4104 402 4158 Or
423 4122 471 4157 om.
490 4120 597 4174 semper
675 4120 712 4174 19.
734 4105 754 4158 R
775 4103 926 4156 Dominum
1019 4118 1061 4156 ao.
1084 4102 1114 4155 H
1134 4102 1261 4155 timerent
1284 4103 1375 4155 Deum

253 4196 294 4235 21.
306 4185 348 4248 Μ,
361 4183 564 4238 Osextollerent
582 4183 629 4235 sed
648 4182 824 4237 humiliarent
899 4198 937 4235 22.
957 4183 999 4247 M,
1022 4184 1057 4236 Or
1076 4183 1222 4234 delicerent
1241 4183 1285 4235 sed
1303 4184 1376 4235 exal·

252 4274 336 4316 tarent
421 4279 462 4333 23·
484 4264 519 4317 Os
538 4263 701 4332 supercrevit
792 4278 833 4331 25.
854 4261 1015 4331 affirmabat]
1035 4263 1057 4316 L
1077 4262 1183 4314 dicebat
1242 4262 1375 4331 Dolebat]

251 4342 296 4396 As
313 4343 426 4397 Dicebat
480 4345 579 4414 prima]
601 4342 620 4395 R
641 4344 747 4414 propria
832 4343 872 4396 28.
896 4342 995 4411 magis]
1016 4343 1058 4408 H,
1079 4342 1374 4412 Pmagrris,·Lmagi-

253 4423 326 4484 stris‚·
348 4425 389 4478 Ox
409 4423 571 4495 magisteriis
