3142 4875
594 356 699 404 annm
727 355 915 404 nnnucrscr
1268 349 1314 424 37

181 588 369 684 deditque
394 587 484 684 ipsis
513 604 551 661 et
577 588 679 662 abiit.
737 587 810 685 Ipsi
830 614 920 661 vero
945 614 1019 660 non
1041 605 1317 685 cognoscentes

181 721 287 775 eum,
316 695 444 767 mirati⁴
457 710 543 768 sunt
562 695 598 768 in
619 695 794 768 cordibus
819 694 904 779 suis,
927 710 966 768 et
985 713 1025 767 ut
1044 693 1165 792 magis
1184 695 1232 768 de
1252 696 1316 767 mi·

182 801 394 875 sericordia
413 801 539 875 divina
558 801 789 875 confiderent
806 801 943 875 devote
961 800 1055 875 alter
1073 801 1229 874 alterum
1250 803 1311 873 ad-

182 910 381 982 monebat.
413 908 646 1006 Sumptoque
667 909 760 993 cibo,
785 925 823 981 et
841 934 889 982 ex
911 910 991 1005 ipso
1022 934 1095 981 non
1124 909 1312 981 modicum

134 1045 152 1109 5
183 1015 401 1098 confortati,
433 1017 627 1089 venientes
656 1017 704 1088 ad
733 1016 934 1112 quemdam
963 1015 1086 1088 locum
1120 1040 1237 1112 prope
1266 1015 1312 1087 ci-

182 1122 346 1196 vitatem
376 1122 588 1207 Ortensem,
620 1122 758 1196 ibidem
788 1123 865 1196 fere
897 1148 964 1219 per
992 1122 1073 1195 dies
1101 1120 1313 1218 quindecim

184 1246 277 1302 sunt
293 1230 439 1302 morati.
495 1229 623 1326 Aliqui
638 1254 767 1302 eorum
784 1231 965 1302 intrantes
984 1227 1172 1302 civitatem
1186 1230 1314 1325 acqui-

184 1338 326 1410 rebant
341 1335 551 1409 necessaria
564 1335 693 1421 victus,
708 1352 745 1408 et
759 1336 947 1408 modicum
962 1334 1060 1419 illud,
1075 1336 1177 1432 quod
1192 1336 1315 1433 acqui·

185 1469 273 1517 rere
302 1457 475 1540 poterant
503 1443 676 1525 ostiatim,
707 1443 756 1515 ad
783 1443 915 1516 fratres
936 1441 1029 1516 alios
1058 1443 1311 1540 deportantes,

118 1577 156 1623 10
185 1575 276 1622 cum
298 1549 503 1647 gratiarum
518 1550 666 1623 actione
685 1565 724 1622 et
742 1548 882 1623 laetitia
901 1551 1033 1635 cordis,
1056 1550 1195 1646 pariter
1214 1576 1314 1624 man-

186 1657 391 1729 ducabant.
463 1654 501 1728 Si
534 1657 623 1752 quid
656 1682 746 1729 vero
776 1656 966 1730 residuum
1000 1674 1090 1738 erat,
1126 1659 1312 1753 [quando]

185 1763 298 1837 alicui
329 1763 419 1836 dare
440 1788 513 1835 non
542 1780 725 1861 poterant,
756 1765 1012 1836 recondebant
1041 1763 1129 1835 illud
1158 1764 1193 1835 in
1225 1789 1314 1860 quo·

186 1872 278 1944 dam
307 1870 514 1965 sepulchr0,
547 1871 648 1966 quod
685 1869 887 1967 aliquando
921 1886 1208 1944 conservaverat
1237 1895 1313 1943 cor·
1410 1951 1412 1954 v

187 2002 285 2073 pora
313 1994 553 2061 mortuorum,
586 1993 626 2049 ut
654 1976 753 2049 idem
782 1976 915 2049 iterum
946 1977 1225 2049 manducarent.

122 2105 155 2168 15
273 2108 293 2177 3
302 2105 334 2175 5.
350 2084 474 2155 Locus
485 2082 544 2156 ille
556 2084 726 2156 desertus
742 2100 822 2156 erat
837 2100 949 2179 atque
966 2082 1123 2165 relictus,
1138 2100 1176 2156 et
1185 2102 1251 2155 aut
1260 2110 1312 2156 ra-

187 2215 328 2274 rorum,
349 2205 414 2262 aut
430 2188 611 2262 nullorum
631 2190 936 2287 frequentabatur
954 2215 1119 2262 accessu.
1158 2190 1311 2289 [Laeta]

179 2307 400 2393 paupertas.
448 2296 540 2369 Erat
554 2295 608 2369 eis
622 2298 822 2370 exsultatio
842 2321 989 2393 magna,
1010 2322 1093 2369 cum
1111 2296 1198 2369 nihil
1215 2297 1313 2369 vide-

188 2420 274 2477 rent
288 2404 346 2477 vel
363 2404 544 2477 haberent
566 2405 666 2501 quod
683 2429 749 2476 eos
768 2418 899 2500 posset
917 2429 1011 2477 vane
1032 2430 1098 2477 seu
1118 2402 1314 2477 carnaliter

188 2511 389 2584 delectare.
449 2511 666 2607 Coeperunt
684 2526 885 2609 propterea
905 2536 989 2583 cum
1009 2527 1138 2584 sancta
1158 2537 1314 2608 pauper-

120 2641 160 2689 20
188 2634 266 2691 tate
283 2618 421 2690 ibidem
432 2618 571 2691 habere
587 2619 863 2702 commercium,
877 2634 916 2690 et
930 2618 966 2690 in
983 2618 1130 2691 defectu
1146 2617 1312 2690 omnium

189 2750 287 2822 quae
306 2739 394 2797 sunt
413 2724 539 2797 mundi
566 2724 718 2796 nimium
739 2725 919 2797 consolati
940 2725 1201 2820 disponebant,
1219 2726 1313 2798 sicut

190 2830 240 2903 ibi
268 2848 384 2915 erant,
406 2832 441 2904 ei
461 2830 598 2928 ubique
618 2847 802 2929 perpetuo
822 2833 1047 2915 adhaerere,
1063 2832 1112 2904 Et
1132 2832 1227 2928 quia,
1252 2832 1313 2903 de-

191 2937 312 3035 posita
335 2938 436 3011 omni
456 2937 702 3011 sollicitudine
731 2955 973 3023 terrenorum,
998 2939 1076 3010 sola
1102 2965 1168 3011 eos
1186 2939 1314 3011 divina

191 3045 397 3118 consolatio
430 3044 650 3126 delectabat,
687 3061 855 3119 statuunt
883 3062 921 3117 et
950 3045 1181 3128 confirmant,
1205 3044 1313 3117 nullis

122 3174 162 3240 25
191 3151 489 3225 tribulationibus
509 3150 650 3249 agitati,
675 3150 781 3224 nullis
802 3152 948 3250 impulsi
968 3151 1246 3235 tentationibus
1265 3152 1313 3224 ab

193 3258 271 3331 eius
290 3257 524 3356 amplexibus
544 3258 695 3332 resilire.
753 3259 830 3332 Sed
850 3258 935 3333 licet
963 3258 1078 3357 ipsius
1098 3258 1168 3331 loci
1188 3283 1312 3331 amoe-

193 3365 298 3451 nitas,
320 3391 418 3462 quae
436 3367 484 3438 ad
505 3366 818 3462 corrumpendum
848 3392 977 3438 verum
1007 3366 1177 3463 vigorem
1199 3364 1311 3439 animi

193 3497 266 3544 non
287 3472 523 3545 mediocriter
541 3489 676 3569 potest,
695 3498 825 3545 eorum
846 3498 919 3545 non
940 3471 1125 3545 detineret
1144 3474 1309 3555 aflectus

193 3604 238 3650 ne
266 3578 398 3651 saltem
427 3578 606 3678 longioris
626 3605 752 3653 morae
775 3580 972 3653 assiduitas
992 3581 1051 3652 vel
1072 3580 1191 3652 solum
1211 3596 1312 3651 exte-

261 3857 284 3911 3.
297 3841 400 3910 divina]
419 3841 453 3896 05
469 3841 520 3895 Dei
566 3843 652 3896 Rom.
668 3842 769 3896 devote
846 3859 902 3912 3·4.
923 3843 964 3896 Ox
981 3842 1179 3896 commonebat
1251 3843 1311 3906 alc

189 3939 238 3975 om.
253 3939 284 3975 ex
359 3938 382 3990 5.
403 3923 445 3977 Ox
460 3940 508 3975 om.
522 3924 613 3977 locum
686 3921 930 3978 6.HOstiensem
1005 3922 1312 3994 7-8.ASacquirentes

192 4017 232 4056 11.
252 4004 273 4057 R
291 4001 389 4055 residui
444 4003 478 4056 Or
496 4003 624 4074 quando,·
644 4003 690 4056 alii
709 4022 792 4057 omnar
811 4004 879 4056 codd.
900 4004 1030 4074 quoniam
1125 4018 1221 4071 13·14·
1245 4003 1311 4055 Pin

191 4099 246 4152 quo
261 4082 407 4153 aliquando
423 4096 622 4137 consueverant
639 4084 703 4153 poni
719 4101 776 4138 cor.
790 4101 858 4137 mor.
872 4096 900 4136 ut
914 4083 1010 4137 ibidem
1089 4082 1182 4152 15-16.
1201 4085 1235 4137 Os
1252 4099 1312 4135 raro

191 4175 236 4214 aut
249 4162 323 4216 nullo
417 4162 456 4218 16.
476 4163 569 4233 heta]
584 4164 606 4216 B
619 4163 718 4218 Sancta
814 4181 854 4234 19.
870 4164 891 4217 R
908 4178 1046 4234 praeterea
1135 4179 1176 4217 21.
1193 4164 1252 4228 As,
1272 4164 1313 4217 Ox

190 4242 332 4296 consolari.
353 4243 430 4314 Disp.
522 4260 563 4298 22.
584 4244 627 4296 AS
647 4256 673 4297 et
692 4245 791 4316 ubique
847 4246 875 4297 H
892 4245 1033 4297 inhaerere
1125 4260 1167 4310 24.
1189 4245 1223 4298 Os
1243 4256 1312 4296 statu

191 4336 217 4374 ct
235 4323 443 4377 confirmatione
516 4338 611 4390 24-25.
629 4323 686 4388 As,
706 4325 730 4378 E
748 4343 798 4378 om.
818 4324 899 4377 nullis
917 4324 977 4378 trib.
998 4323 1093 4391 agitati
1166 4340 1206 4392 27.
1224 4323 1253 4376 H
1268 4340 1312 4375 an-

192 4417 283 4470 gorem
356 4403 398 4460 28.
420 4405 462 4459 Ox
480 4419 572 4475 posset
630 4406 664 4456 W
682 4417 771 4475 posset
791 4422 887 4458 eorum
908 4405 1028 4457 detinere
