3142 4875
490 297 642 388 438
1195 320 1562 368 OPUsCULA
1620 317 1879 366 LITURG
1890 317 2005 365 ICA

485 551 778 648 inspicit
808 553 1133 624 futurum
1162 552 1273 624 sui
1305 551 1565 649 gregis
1594 567 2104 648 augmentum.
2220 550 2522 625 Gratias
2560 549 2725 647 agit

486 659 675 739 Deo,
741 659 1021 731 revelat
1085 657 1249 731 filiis
1324 659 1508 730 haec
1573 674 1650 730 et
1719 657 1856 729 hiis
1932 657 2161 754 plura,
2242 682 2437 754 quae
2511 658 2718 729 vidit.

484 764 755 838 Scribit
810 766 1124 862 proinde
1183 764 1520 863 regulam
1551 762 2064 862 evangelicam
2105 763 2242 836 sibi
2282 781 2360 836 et
2397 763 2549 836 suis
2590 763 2728 836 ha-

485 871 655 944 bitis
696 888 772 945 et
828 871 1211 955 habendis,
1249 897 1472 968 quarn
1522 871 1894 944 Dominus
1953 872 2156 966 Papa
2209 871 2715 953 InnocentiuS,

485 995 842 1075 operante
882 978 1028 1051 Dei
1069 979 1331 1076 gratia,
1378 977 1859 1050 confirmavit.
1977 978 2037 1049 F
2044 977 2428 1066 iducialius
2470 978 2726 1073 itaque

489 1087 637 1155 sctit
701 1087 765 1159 in
824 1086 1081 1158 orbern
1122 1086 1218 1158 ad
1256 1110 1447 1182 opus
1492 1084 1907 1182 Evangelii,
1956 1083 2242 1180 nulli[s]
2308 1100 2522 1157 utens
2559 1110 2725 1156 ver·

489 1199 745 1263 lim-um
805 1191 1374 1273 adulationibus,
1420 1217 1845 1264 sermonum
1888 1192 2169 1288 respuit
2217 1190 2727 1264 blandimenta

489 1319 557 1371 ct
625 1303 761 1391 [in]
822 1299 1293 1394 prudentiam
1351 1299 1922 1395 responsionum
1981 1299 2140 1371 eius
2178 1298 2311 1369 viri
2371 1300 2725 1394 obstupe-

489 1427 697 1475 scunt
757 1406 1185 1477 doctissimi.
1304 1404 1531 1477 Binos
1569 1421 1644 1478 et
1682 1406 1898 1477 binos
1937 1405 2419 1477 confoederat
2455 1430 2729 1476 secun-

489 1515 657 1583 dum
725 1511 1213 1608 Evangelium
1256 1513 1518 1584 fratres
1556 1537 1733 1584 suos
1772 1528 1848 1583 et
1889 1509 2108 1583 mittit
2156 1510 2229 1582 in
2292 1510 2721 1583 universum

493 1623 866 1691 Ummium.
982 1618 1315 1690 Minores
1371 1643 1503 1690 eos
1560 1635 1798 1702 vocat,
1838 1635 1916 1690 ut
1973 1618 2293 1690 nominis
2349 1618 2460 1690 sui
2520 1620 2723 1714 p[ro-

489 1727 923 1819 sess-{ponem
981 1725 1382 1821 praecipue
1441 1724 1873 1798 humilitatis
1928 1725 2200 1797 virtute
2257 1725 2635 1797 decorent.

649 1847 713 1903 o.
775 1831 1068 1905 Edocet
1124 1857 1256 1905 eos
1316 1831 1760 1904 mortificare
1809 1832 2002 1914 vitia,
2049 1830 2292 1904 carnis
2349 1832 2727 1903 incentiva

493 1943 908 2035 reprimere,
971 1939 1382 2012 exteriores
1437 1964 1702 2011 sensus
1743 1939 2054 2010 reddere
2100 1937 2569 2010 insensibiles
2625 1938 2726 2010 ad

489 2067 753 2119 cuncta
810 2070 1003 2141 quae
1042 2062 1538 2142 perstrepunt.
1657 2046 1848 2117 Nam
1907 2060 1982 2117 et
2038 2044 2216 2141 ipse,
2282 2044 2596 2141 quotieS,
2644 2060 2727 2115 ut

489 2159 778 2235 assolet,
846 2152 1087 2224 carnis
1143 2152 1557 2225 titillatione
1617 2153 1968 2248 pulsatur,
2033 2151 2255 2224 toties
2294 2151 2364 2222 in
2428 2151 2724 2223 foveam

489 2263 782 2355 pli-„nam
855 2258 1097 2355 glacie
1164 2259 1651 2355 immergitur.
1794 2257 1961 2330 Hoc
2017 2260 2241 2330 etiam
2333 2256 2728 2329 mortifica·

493 2367 709 2435 [imm
769 2366 1189 2463 exemplum
1249 2364 1627 2438 imitantur
1682 2382 1758 2439 et
1814 2365 2110 2439 caeteri.
2247 2365 2488 2438 Cauta
2545 2389 2731 2437 exa-

493 2471 891 2545 tuimtione
952 2473 1254 2546 fratrum
1321 2489 1487 2545 acta
1559 2473 1940 2570 perquirit,
2024 2472 2197 2544 nihil
2256 2473 2560 2568 impune
2619 2497 2729 2544 re·

489 2583 847 2671 linquens,
893 2580 1095 2676 ipsos
1134 2606 1421 2653 summe
1463 2579 1904 2652 obedientes
1934 2580 2127 2651 facit.
2242 2579 2728 2651 Abstinentia

489 2715 775 2759 summa
812 2686 1194 2784 praeditus
1251 2688 1762 2783 appositorum
1821 2712 2129 2782 sapores
2188 2686 2549 2765 immutat,
2615 2686 2726 2756 vi-

493 2823 658 2863 uum
725 2818 1026 2887 perraro
1108 2813 1439 2892 gustans
1521 2793 1746 2866 etiam
1833 2793 2364 2865 insufficienter
2447 2818 2723 2888 aquam

489 2903 737 2972 vliibit.
868 2901 1090 2973 Nuda
1147 2902 1414 2973 humus
1471 2899 1706 2973 lectus
1761 2902 1941 2980 eius,
2005 2900 2304 2994 saepius
2379 2899 2720 2971 sedendo

489 3036 709 3100 quam
753 3008 1062 3080 iacendo
1100 3008 1475 3084 dormitat.
1589 3005 1690 3079 Ut
1742 3008 2077 3081 abiectus
2134 3022 2605 3102 reputaretur
2644 3024 2722 3078 et

493 3116 665 3188 vilis.
717 3114 925 3208 plura
962 3113 1450 3211 simplicitatis
1489 3131 1784 3186 ostenta
1822 3113 2085 3198 effecit,
2123 3112 2418 3210 fugiens
2458 3111 2530 3184 in
2573 3138 2724 3185 om-

645 3416 677 3444 12.
725 3396 769 3444 Γ
791 3394 1055 3464 inspicere
1180 3410 1222 3462 3.
1246 3393 1644 3462 evangelicam]
1675 3394 1717 3446 P
1741 3411 1838 3445 om.
1925 3393 1969 3442 V
1993 3392 2311 3462 evangelica
2411 3391 2452 3443 R
2481 3409 2594 3459 om.
2615 3393 2733 3444 suis

501 3480 537 3524 Γ
565 3496 605 3524 ω.
645 3475 884 3528 {Curibus
910 3476 1020 3526 suis
1139 3490 1187 3538 4.
1230 3476 1269 3528 R
1308 3491 1403 3525 om.
1444 3472 1586 3542 Papa
1739 3487 1782 3539 5.
1834 3474 1878 3526 V
1910 3473 2030 3525 Deo
2066 3481 2110 3526 et
2147 3490 2244 3525 om.
2284 3473 2453 3542 gratia
2592 3471 2642 3524 6.
2686 3472 2735 3522 C

509 3580 513 3604 ι
697 3556 797 3608 exit
872 3554 913 3606 R
953 3555 1153 3607 exstitit
1242 3554 1291 3606 A
1333 3552 1529 3605 nullius
1607 3553 1647 3605 R
1676 3553 1807 3606 nulli
1955 3553 2075 3621 6-7.
2103 3552 2148 3605 C
2172 3551 2333 3605 nullis
2361 3567 2514 3604 utens
2544 3552 2731 3605 verb0.

497 3640 629 3688 ἤ-ὶιιῑ
673 3636 874 3688 =-.·=·ibus
1038 3636 1087 3688 8.
1127 3635 1176 3686 A
1215 3651 1311 3687 om.
1351 3635 1404 3684 in
1577 3649 1655 3686 11.
1706 3633 1819 3687 Post
1858 3634 2120 3686 mundum
2182 3632 2228 3684 C
2263 3632 2374 3684 add.
2416 3632 2732 3701 praedicare

645 3736 709 3764 ma
765 3714 964 3766 salutis.
1121 3729 1283 3766 11-12
1345 3716 1390 3767 A
1431 3713 1822 3784 perfectionem
1978 3728 2055 3766 12.
2092 3712 2204 3765 Post
2243 3715 2503 3765 decorent
2549 3712 2734 3765 Cadd.

493 3816 537 3844 ψ
585 3824 589 3828 -
665 3812 790 3864 ..per
827 3793 1060 3847 humiles
1101 3808 1479 3863 permanerent
1690 3811 1763 3862 ¹3·
1808 3793 1854 3847 C
1889 3794 2071 3846 Docet
2280 3791 2358 3845 16.
2402 3793 2447 3844 C
2484 3792 2737 3862 pulsatus

613 3920 617 3924 .
810 3890 888 3942 17.
930 3875 1141 3944 plenam
1178 3904 1207 3914 -
1235 3873 1602 3943 immergitur]
1648 3875 1694 3928 C
1728 3874 1865 3926 nivis
1905 3888 1959 3926 et
2015 3872 2205 3942 glaciei
2256 3874 2600 3942 immergitur
2642 3886 2736 3926 aut

509 3984 513 4004 .
561 3981 565 4004 =
721 3957 1000 4028 disciplina
1039 3970 1090 4009 et
1129 3956 1344 4025 flagello
1383 3973 1438 4009 se
1478 3956 1775 4024 castigabat
1852 3958 1891 4010 R
1940 3972 1997 4009 se
2049 3954 2323 4025 immergit
2475 3955 2553 4007 18.
2610 3953 2740 4004 imi-

649 4060 661 4072 =·
697 4068 721 4076 -
761 4037 955 4106 Cauta]
1000 4035 1045 4090 C
1080 4037 1271 4090 imitati
1312 4050 1432 4089 sunt
1472 4039 1667 4089 caeteri
1708 4035 1914 4088 fratres.
1989 4036 2234 4088 Sollicita
2385 4048 2576 4103 19-20.
2618 4034 2740 4087 Post

493 4140 521 4153 -ι
553 4124 795 4169 :mamus
847 4116 893 4169 C
929 4116 1042 4170 add.
1083 4117 1388 4184 corrigibile
1428 4129 1480 4169 et
1519 4120 1617 4187 ips,
1656 4134 1696 4169 s.
1735 4117 1819 4169 ob.
1860 4114 1983 4170 facit
2023 4115 2274 4185 praelatis
2408 4129 2608 4182 21-23.
2642 4132 2738 4185 ap-

529 4224 557 4242 -·
617 4213 791 4248 :sum
825 4225 856 4236 —
887 4196 1072 4266 ebibit]
1119 4197 1164 4250 C
1198 4214 1315 4267 app.
1358 4197 1606 4249 ciborum
1654 4212 1873 4265 sapores
1928 4195 2177 4266 insipidat
2227 4210 2365 4264 aqua
2404 4193 2494 4246 vel
2533 4196 2737 4261 cinere,

549 4296 556 4304 ¹
631 4300 649 4306 ¹·
705 4293 820 4329 raro
839 4290 1083 4347 gustanS,
1111 4276 1470 4330 etiaminsuff.
1495 4277 1559 4330 ad
1582 4278 1726 4330 sitim
1749 4275 1999 4345 frigidam
2019 4292 2216 4346 aquam
2238 4273 2371 4327 bibit
2478 4273 2741 4343 23-24.C

704 4368 829 4407 mato
869 4356 1189 4426 corpusculo
1228 4358 1469 4409 sedendo
1508 4356 1685 4427 potius
1712 4373 1875 4426 quam
1907 4356 2004 4409 iac.
2029 4354 2199 4408 dorm.
2233 4353 2460 4407 cervical
2488 4352 2623 4422 lapis
2646 4355 2737 4407 vel

609 4468 613 4476 -
787 4436 851 4488 Et
893 4447 947 4488 ut
1203 4451 1284 4505 25·
1322 4449 1534 4490 ostenta
1575 4436 1770 4505 effecit]
1815 4435 1860 4489 C
1894 4452 2055 4507 opera
2090 4436 2304 4505 agebat,
2344 4437 2585 4504 seipsum
2629 4451 2737 4487 nu-

2806 1555 2889 1601 10

2806 2073 2883 2136 15

2795 2606 2886 2653 20

2797 3140 2881 3205 25
