3142 4875
614 355 893 406 PROLEGOMENA
1199 352 1313 402 XXXIX

181 600 348 668 propono.
403 577 510 658 Quod
534 578 568 644 in
594 599 632 643 ea
655 577 811 666 opinione
835 576 1039 665 potissimum
1068 598 1121 641 me
1144 573 1315 643 confirmat

181 705 234 753 est
257 685 393 753 omissio
410 685 443 777 in
464 707 564 773 opere
582 683 734 751 Thomae
758 681 971 772 quarumdam
992 682 1315 764 narratiuncularum,

182 813 271 879 quae
295 792 328 857 in
347 790 467 881 Speculo
488 790 649 858 habentur
671 809 704 857 et
726 813 809 879 quae
833 788 982 858 videntur
1003 812 1112 856 revera
1132 813 1171 857 ex
1192 791 1316 878 scriptis

182 898 554 986 Sociorumexcerptae.
594 896 1315 987 lllaspraetermisitscriptorLegendaequia,

183 1004 462 1070 consentientibus
478 1003 594 1081 Sociis,
608 1002 722 1069 arbiter
738 1000 924 1089 designatus
941 1024 959 1067 a
976 1001 1136 1082 Generali,
1153 1003 1234 1069 iliius
1250 1021 1316 1070 erat

184 1110 362 1178 decernere
385 1109 555 1177 inserenda
580 1108 631 1175 vel
655 1106 843 1175 omittenda.
899 1107 1055 1174 Dixerant
1081 1108 1226 1175 enimin
1250 1109 1316 1196 epi·

184 1217 289 1284 stola:
318 1218 444 1299 «Quae
467 1215 636 1283 scribimus
660 1215 804 1303 poteritis
831 1212 933 1281 facere
958 1215 1055 1281 inseri
1079 1214 1129 1304 (in
1153 1214 1314 1305 legendis)

186 1326 215 1391 si
241 1341 347 1390 vestra
369 1322 519 1390 discretio
543 1320 657 1388 viderit
680 1321 861 1410 dignum».

259 1430 363 1497 Caute
385 1451 463 1496 vero
488 1426 651 1516 agendum
676 1427 775 1494 estin
800 1425 1010 1493 discernenda
1033 1450 1114 1515 quae
1139 1445 1216 1493 sunt
1239 1449 1315 1494 vere

187 1538 295 1604 Sociis
319 1536 488 1604 tribuenda
518 1537 602 1603 inter
629 1536 738 1602 omnia
761 1535 795 1601 in
823 1534 943 1623 Speculo
968 1534 1112 1615 collecta,
1143 1534 1197 1601 ubi
1226 1533 1316 1601 deest

188 1641 402 1711 conformitas
427 1665 501 1709 cum
527 1640 690 1730 Legenda.
739 1641 833 1708 Hanc
846 1642 934 1706 enim
948 1639 1044 1710 habet
1056 1663 1138 1730 opus
1162 1641 1315 1708 Thomae

188 1750 370 1829 utilitatem,
394 1770 494 1838 quarn
518 1772 692 1837 agnoscere
717 1748 871 1815 deberent
893 1748 975 1815 illius
1000 1747 1202 1824 detractores,
1226 1749 1315 1837 quod

188 1858 280 1924 velut
299 1856 420 1942 Lydius
438 1855 518 1949 lapis
536 1856 591 1943 qui
611 1877 725 1922 aurunt
741 1854 779 1920 ab
797 1855 866 1922 aliis
887 1855 1022 1921 metallis
1039 1850 1191 1933 decernit,
1208 1860 1313 1943 ipsum

187 1965 387 2032 authenticas
412 1961 663 2030 narratiunculas
693 1960 889 2029 manifestet.
946 1963 1072 2029 Etenim
1097 1962 1175 2028 tales
1201 1961 1315 2029 habere

187 2092 362 2160 possumus
392 2069 462 2136 illas
492 2091 572 2157 quas
597 2069 718 2156 accepit
742 2068 890 2134 Thomas
914 2085 946 2134 et
969 2089 1030 2133 suo
1051 2068 1216 2135 decoravit
1245 2068 1313 2135 elo·

188 2178 280 2265 quin,
302 2176 381 2243 dum
412 2175 556 2254 aliarum,
586 2175 648 2241 hoc
672 2175 860 2241 testimonio
895 2173 1128 2256 destitutarum,
1156 2174 1315 2241 authenti·

188 2286 266 2351 citas
290 2300 435 2349 remanet
456 2283 586 2349 incerta.
985 2295 989 2304 ·

257 2389 421 2458 Chronica
439 2390 553 2458 XXIV
569 2388 775 2457 Generalium
799 2412 893 2477 supra
911 2390 1005 2456 citata
1024 2389 1064 2457 de
1083 2389 1143 2456 hac
1158 2388 1312 2480 Legenda

190 2499 344 2565 Thomae
368 2496 504 2565 addunt:
533 2519 645 2585 equae
665 2496 781 2564 dicitur
797 2497 935 2586 Legenda
954 2500 1081 2585 antiqua
1094 2523 1125 2564 a.
1171 2499 1250 2565 Non
1267 2519 1315 2565 est

190 2607 241 2674 hic
265 2607 355 2673 locus
380 2605 636 2673 dissertationem
656 2606 843 2673 instituendi
863 2603 902 2673 de
918 2628 1014 2693 opere
1035 2606 1089 2672 tali
1105 2608 1239 2673 nomine
1259 2607 1313 2674 de-

190 2716 330 2802 signato,
349 2710 438 2801 quod
462 2710 626 2779 diversum
646 2733 693 2779 est
717 2735 739 2778 a·
755 2711 908 2801 Legenda
932 2731 1054 2791 nostra3
1075 2731 1217 2780 attamen
1242 2714 1312 2801 qui-

190 2822 276 2902 dam,
301 2820 450 2909 evulgata
475 2820 627 2907 Legenda
650 2806 753 2886 sancti
775 2822 1033 2901 Bonavenrurae,
1049 2842 1131 2908 quae
1152 2820 1315 2887 dicebatur

190 2950 283 3009 aava,
306 2928 349 2994 ita
372 2927 623 2995 nominaverunt
646 2951 729 3015 opus
753 2926 958 2993 Thomae.‹¹>

258 3037 310 3102 De
326 3032 510 3103 differentiis
525 3035 607 3101 inter
620 3035 824 3102 recensiones
839 3058 919 3123 quas
934 3034 1085 3122 praebent
1100 3033 1166 3101 duo
1186 3035 1313 3102 codices

192 3144 324 3231 cogniti,
348 3144 382 3209 in
409 3142 525 3231 quibus
556 3142 620 3208 hoc
643 3164 725 3230 opus
747 3143 920 3223 invenitur,
945 3142 1057 3229 loquar
1080 3145 1114 3210 in
1142 3143 1202 3208 alia
1226 3161 1313 3230 parte

192 3250 364 3338 praesentis
389 3247 651 3329 introductionis,
675 3271 757 3337 quae
780 3248 821 3315 de
845 3248 1020 3316 Codicibus
1045 3268 1166 3316 tractat.

260 3357 319 3424 111.
344 3355 505 3423 Tractatus
523 3356 756 3424 Miratulorum.
771 3395 817 3406 -
833 3357 871 3422 ln
896 3355 1039 3443 Prologo
1065 3355 1236 3444 Legendae
1252 3357 1313 3443 pri-

194 3483 277 3541 mae,
297 3460 493 3528 divisionem
517 3462 600 3530 illius
628 3464 661 3529 in
692 3463 791 3530 tribus
820 3462 983 3550 opusculis
1017 3462 1190 3542 declarans,
1220 3460 1313 3528 Tho-

194 3589 262 3634 mas
284 3567 463 3635 scribebat:
489 3569 559 3636 «ln
583 3568 723 3660 (primo)
748 3569 900 3637 miracula
921 3591 1021 3656 pauca
1041 3569 1080 3635 de
1097 3570 1215 3651 multis,
1231 3592 1313 3657 quae

264 3728 306 3797 (t)
317 3727 363 3782 Sic
376 3730 433 3798 ipse
444 3729 559 3798 scriptor
570 3729 780 3797 (tumultuum,
795 3747 819 3799 p.
830 3730 854 3783 8.
868 3760 899 3769 -
908 3728 1064 3783 franciscus
1076 3730 1236 3792 Baaruom,
1249 3731 1313 3782 'l'ra-

194 3825 270 3873 cutus
287 3817 315 3871 de
333 3817 488 3886 indulgentia
506 3818 533 3873 S.
547 3818 647 3872 Mariae
661 3819 688 3873 de
704 3820 879 3882 Portlmrrula,
893 3818 1049 3889 Lugendum
1065 3820 1180 3889 primam
1197 3818 1249 3871 boc
1264 3836 1312 3872 no·

194 3906 266 3960 mine
286 3906 418 3977 designat.
438 3905 487 3959 Ed.
507 3906 639 3973 Sabatier,
659 3908 735 3960 Paris
762 3922 838 3978 1900,
860 3926 881 3977 p.
904 3920 962 3972 aet
984 3924 1024 3978 32.
1037 3938 1068 3948 -
1086 3908 1312 3961 Bartholomaeus

193 3995 305 4049 Pisanus
315 3995 378 4049 licet
388 3996 536 4065 distinguat
547 3996 704 4068 Legendam
715 3999 856 4068 antiquam
868 4014 882 4049 a
893 3997 1020 4063 Legenda
1032 3997 1120 4049 fratris
1133 3996 1313 4059 Thomae,at·

192 4099 285 4139 tamen
302 4103 359 4138 uno
376 4085 439 4139 loco
454 4086 543 4139 scribit
564 4085 682 4139 «Frater
698 4085 823 4139 Thomas
844 4087 870 4138 in
891 4086 1016 4156 Legenda
1030 4088 1100 4139 beati
1116 4086 1252 4139 Francisci
1266 4104 1314 4139 an·

193 4175 265 4244 tiqua
278 4174 316 4227 sic
331 4174 433 4236 dicitu,
445 4172 533 4227 Fruct.
547 4173 676 4237 XXVlll,
696 4173 737 4228 ed.
754 4189 830 4245 1513,
844 4174 888 4229 sol.
912 4191 969 4245 194,
984 4191 1007 4228 c.
1030 4193 1051 4245 3.
1090 4175 1181 4227 Semel
1199 4175 1261 4226 citat
1280 4174 1312 4226 ad

192 4262 308 4316 litteram
327 4262 396 4334 Leg.
416 4261 752 4327 l.:Fr.XVIII,fol.161,
772 4280 793 4316 c.
814 4279 835 4329 3,
856 4278 881 4317 et
900 4265 1008 4334 saepius
1029 4264 1091 4333 Leg.
1112 4263 1145 4316 ll.
1183 4263 1313 4332 Aliquan-

193 4349 282 4421 doque
295 4351 346 4404 sub
369 4348 482 4404 nomine
495 4342 650 4420 ”Legendae
670 4350 796 4422 antiquae
814 4352 988 4404 inveniuntur
1012 4351 1190 4401 extractiones
1209 4349 1313 4417 Legen-

192 4438 241 4491 dae
254 4437 275 4503 I,
293 4439 330 4491 uti
346 4456 371 4491 v.
392 4455 418 4509 g.
437 4437 581 4508 descriptio
600 4436 721 4491 hominis
740 4440 890 4501 exterioris,
910 4438 952 4491 Fr.
973 4436 1006 4501 X,
1027 4437 1073 4492 sol.
1093 4440 1136 4506 98,
1157 4455 1178 4490 c.
1200 4452 1223 4489 2.
