3142 4875
609 377 712 427 REATI
741 378 925 427 FRANCISCI
1274 379 1319 444 41

202 488 249 494 -—
278 487 472 494 ’.ῳ-...ῳ
742 489 808 494 υ-,ἢ
876 488 910 492 ---
937 489 1070 494 *Qn-
1098 490 1101 494 .
1125 489 1150 495 ..
1224 490 1328 497 ...θῇ

202 608 395 682 charitatis
426 609 560 681 ardore
599 609 808 706 flagrabant
841 609 925 681 novi
966 609 1103 682 Christi
1138 610 1325 706 discipuli!

204 715 382 809 Quantus
409 714 447 787 in
476 717 530 789 eis
558 716 642 812 piae
671 715 860 788 societatis
887 716 1042 812 vigebat
1069 719 1190 789 amor!
1229 717 1325 791 Cum

204 823 306 895 enim
335 821 469 895 alicubi
490 823 628 919 pariter
647 823 899 905 convenirent,
923 823 981 896 vel
1006 822 1042 896 in
1062 824 1133 910 via,
1156 841 1196 897 ut
1217 824 1329 898 moris

206 947 275 1012 est,
306 929 376 1001 sibi
406 930 564 1002 invicem
600 930 805 1014 obviarent,
846 929 895 1001 ibi
934 929 1116 1027 spiculum
1155 930 1329 1028 spiritalis

157 1067 175 1132 5
206 1037 412 1110 resultabat
440 1036 587 1121 amoris
618 1063 731 1134 super
759 1062 909 1110 omnem
938 1063 1105 1110 amorem
1134 1064 1246 1125 verae
1275 1038 1327 1111 di-

207 1142 377 1218 lectionis
404 1143 644 1217 seminarium
672 1169 867 1241 spargens.
926 1142 1027 1237 Quid
1058 1143 1169 1217 illud?
1222 1145 1326 1218 Casti

207 1251 413 1348 amplexus
445 1275 580 1323 suaves
608 1251 772 1332 aflectus,
804 1250 971 1323 osculum
1001 1268 1180 1335 sanctum,
1217 1253 1327 1326 dulce

208 1355 444 1453 colloquium,
463 1356 557 1430 risus
572 1358 774 1441 modestus,
797 1374 971 1452 aspectus
987 1358 1178 1440 iucundus,
1197 1360 1326 1431 oculus

208 1464 376 1562 simplex,
399 1465 546 1537 animus
565 1467 734 1562 supplex,
757 1465 886 1562 lingua
905 1464 1106 1561 placabilis,
1129 1467 1326 1562 responsio

136 1597 177 1645 ιο
208 1569 337 1652 mollis,
371 1572 469 1644 idem
497 1572 741 1669 propositum,
781 1587 995 1668 promptum
1031 1572 1251 1668 obsequium
1290 1591 1328 1646 et

207 1677 394 1750 indelessa
422 1703 564 1751 manus.

290 1808 349 1877 39.
381 1784 431 1856 Et
459 1786 620 1881 quidem,
640 1811 724 1857 cum
754 1801 888 1858 cuncta
915 1801 1064 1858 terrena
1092 1785 1328 1880 despicerent

205 1907 244 1964 et
263 1916 304 1963 se
325 1891 426 1987 ipsos
456 1917 644 1989 nunquam
670 1916 798 1963 amore
818 1893 963 1988 privato
984 1892 1191 1990 diligerent,
1215 1892 1328 1966 totius

205 1998 344 2071 amoris
372 1997 544 2071 aflectum
583 1998 618 2070 in
657 1997 844 2070 communi
874 1999 1123 2082 refundentes,
1156 2025 1198 2072 se
1227 2001 1328 2095 ipsos

135 2135 173 2200 15
205 2106 296 2177 dare
326 2104 361 2176 in
390 2106 550 2201 pretium
575 2105 808 2202 satagebant,
832 2122 872 2177 ut
900 2107 1085 2178 fraternae
1115 2106 1326 2179 necessitati

205 2213 345 2309 pariter
379 2211 631 2285 subvenirent.
689 2203 999 2284 Desiderabiliter
1041 2214 1325 2298 conveniebant,

206 2319 462 2392 delectabilius
484 2318 624 2417 [simul]
650 2337 773 2398 erant;
797 2320 863 2390 sed
891 2318 1017 2417 gravis
1047 2335 1126 2392 erat
1155 2321 1328 2417 utrinque

205 2424 393 2524 separatio
422 2426 579 2511 socialis
602 2452 770 2499 amarum
799 2425 1010 2513 divortium,
1031 2428 1167 2500 acerba
1191 2427 1327 2500 disiun-

206 2534 292 2606 ctio.
352 2532 620 2632 [Obedz'entz'a.]
678 2533 754 2605 Sed
788 2534 877 2605 nihil
906 2552 1056 2607 sanctae
1090 2534 1328 2609 obedientiae

133 2666 177 2713 20
206 2641 418 2737 praeceptis
449 2642 638 2713 audebant
671 2665 905 2737 praeponere
937 2641 1230 2714 obedientissimi
1264 2644 1328 2714 mi·

207 2747 301 2833 lites
323 2748 384 2843 qui
414 2765 615 2845 antequam
638 2746 881 2844 perficeretur
908 2748 1145 2821 obedientiae
1172 2750 1327 2821 verbum

206 2880 248 2927 se
277 2855 325 2926 ad
362 2856 643 2951 exsequendum
683 2847 879 2951 imperium
917 2856 1207 2951 praeparabant;
1242 2856 1328 2928 nihil

206 2961 369 3033 scientes
384 2959 594 3034 discernere
610 2961 646 3034 in
662 2959 883 3058 praeceptis,
902 2964 949 3033 ad
964 2988 1136 3058 quaeque
1152 2964 1325 3045 iniuncta,

207 3068 308 3140 omni
324 3069 617 3158 contradictione
638 3085 791 3152 remota,
810 3069 914 3164 quasi
936 3068 1159 3165 praecipites
1179 3095 1327 3142 concur·

133 3201 175 3265 25
208 3177 349 3247 rebant.
413 3175 666 3273 [Paupertas]
724 3175 958 3271 Paupertatis
990 3175 1247 3250 sanctissimae
1275 3202 1328 3248 se-

209 3299 379 3366 ctatores,
416 3282 503 3378 quia
537 3282 625 3354 nihil
664 3283 862 3365 habebant,
902 3281 990 3354 nihil
1022 3285 1207 3366 amabant,
1241 3282 1328 3355 nihil

208 3389 365 3485 proinde
385 3391 543 3485 perdere
563 3391 798 3461 verebantur.
857 3388 944 3461 Sola
975 3388 1099 3461 tunica
1118 3407 1225 3462 erant
1244 3416 1328 3463 con·

209 3495 310 3578 tenti,
342 3495 523 3591 repetiata
550 3497 778 3591 quandoque
811 3496 909 3567 intus
938 3512 975 3567 et
1003 3496 1110 3573 soris:
1143 3496 1263 3569 nullus
1292 3498 1329 3568 in

208 3627 254 3674 ea
273 3601 392 3675 cultus
412 3603 477 3675 sed
498 3602 698 3699 despectus
719 3602 855 3675 multus
882 3620 918 3674 et
945 3601 1064 3674 vilitas
1084 3606 1325 3700 apparebant,

280 3880 303 3933 3.
328 3866 347 3917 P
367 3863 512 3935 aliquando
566 3865 599 3918 us
621 3882 670 3917 oin.
692 3866 791 3934 pariter
875 3880 896 3930 ς,
920 3864 963 3916 „is
985 3880 1065 3932 super
1088 3879 1183 3915 omnes
1207 3879 1285 3915 verae
1306 3865 1330 3915 d.

207 3942 233 3997 6.
248 3943 278 3997 H
290 3943 363 4006 Quid
383 3944 486 4005 illis;ll
505 3943 540 4006 Q.
561 3943 637 4014 plura
710 3943 772 4013 8³9.
793 3944 850 4006 As,
873 3944 894 3996 E
912 3961 960 3996 om.
982 3958 1106 4012 aspectus
1121 3943 1174 3996 iuc.
1192 3959 1233 3994 oc.
1251 3944 1330 4012 simp.

208 4025 286 4094 etlcg.
300 4024 407 4079 animus
421 4024 535 4094 simplex
615 4041 639 4093 9.
655 4024 800 4088 onllom.
815 4026 921 4076 animus
940 4024 1052 4093 supplex
1128 4023 1330 4092 12.Hthuiu

209 4119 304 4159 cuncta
371 4105 642 4170 14.A50m.amoris
708 4120 746 4173 15·
766 4106 801 4156 W
811 4104 870 4159 irat.
883 4104 1005 4156 charitati
1073 4106 1109 4155 ro.
1127 4105 1212 4157 osum
1236 4106 1333 4173 pariter

212 4184 287 4255 173P
298 4184 492 4238 delectabiliter
529 4184 658 4238 Bsimilis
696 4184 874 4255 Lutrumque
912 4185 1125 4254 Purrorurnque
1201 4186 1330 4240 20-21.L

211 4266 266 4328 Qui
285 4266 327 4318 ob.
348 4266 404 4318 mil.
424 4266 470 4335 qui
544 4280 585 4318 21.
606 4265 629 4318 E
647 4264 790 4334 perficeret
842 4266 884 4318 AS
899 4265 1058 4334 perlicerent
1075 4265 1152 4316 obed.
1170 4273 1191 4317 et
1208 4283 1256 4317 οηι.
1273 4283 1330 4317 ver-

209 4345 286 4408 bum,·
308 4345 328 4398 li
348 4345 538 4415 perficerentur
558 4346 600 4397 ob.
621 4346 699 4398 verba
774 4360 806 4398 22
830 4346 870 4408 H,
888 4346 920 4399 Os
935 4364 982 4398 oiri.
997 4362 1025 4396 se
1080 4344 1110 4396 H
1122 4361 1210 4414 praep.
1225 4348 1331 4397 aninms

210 4425 304 4493 25-26.
326 4426 360 4481 Os
379 4426 542 4479 sanctissimi
562 4437 625 4478 sect.
646 4432 691 4496 qut
766 4440 806 4493 27.
829 4427 885 4487 AS,
914 4426 947 4475 W
964 4425 1072 4495 perinde
