3142 4875
509 330 531 377 1
556 331 591 377 2
1295 326 1643 376 LEGENDA
1704 326 1931 374 PRIMA

493 563 645 636 Sed
703 562 875 636 licet
930 587 1111 659 prae
1169 559 1688 659 magnitudine
1761 558 2097 657 inspirati
2181 562 2458 634 amoris
2515 561 2736 635 silere

499 699 641 743 111}ss
703 685 976 766 posset,
1041 668 1329 742 cautius
1384 683 1634 740 tamen
1693 666 1971 763 aliquid
2030 682 2106 739 et
2160 665 2233 739 in
2301 667 2733 765 aenigmate

497 776 957 871 mquebatur.
1073 774 1536 848 Sicut.enim
1596 773 1898 869 speciali
1957 772 2219 858 amic0,
2283 790 2364 848 ut
2447 775 2727 848 dictum

497 903 625 963 test.
677 884 768 955 de
808 883 1161 955 thesauro
1198 881 1665 962 abscondito,
1708 880 1815 952 sic
1854 896 1929 952 et
1960 880 2273 953 caeteris
2304 881 2505 976 loqui
2546 880 2732 979 figu-

501 991 742 1063 raliter
772 989 1163 1062 nitebatur.
1282 986 1607 1059 Dicebat
1661 1012 1742 1058 se
1802 987 1873 1058 in
1936 985 2285 1084 Apuliam
2345 986 2540 1060 nolle
2599 987 2724 1071 ire,

497 1099 621 1167 saud
689 1095 756 1167 in
815 1095 1054 1193 patria
1110 1094 1412 1191 propria
1448 1093 1936 1190 promittebat
1965 1093 2241 1166 nobilia
2280 1111 2356 1167 et
2396 1094 2732 1190 ingentia

497 1231 569 1271 τηις
621 1203 1000 1275 facturum.
1100 1201 1470 1274 Putabant
1509 1198 1850 1272 homines
1879 1199 2083 1296 quod
2114 1225 2424 1273 uxorem
2454 1201 2732 1274 ducere

501 1311 733 1390 wellet,
781 1308 1172 1405 ipsumque
1210 1307 1761 1403 interrogantes
1802 1305 2182 1379 dicebant:
2245 1305 2577 1380 Uxorem
2640 1333 2735 1379 ne

497 1415 927 1498 =.I11÷:erevi3,
974 1412 1414 1487 Francisce?
1529 1412 1677 1506 Qui
1746 1414 2212 1509 respondens
2268 1414 2377 1486 eis
2442 1413 2726 1486 aiebat:

501 1521 954 1594 :tr-..uiliorem
1013 1537 1088 1593 et
1126 1518 1626 1619 pulchriorem
1668 1544 2042 1615 sponsam,
2089 1545 2312 1616 quam
2373 1546 2730 1616 umquam

501 1626 842 1712 tuleritis,
889 1628 1178 1711 ducam,
1214 1652 1408 1724 quae
1448 1626 1766 1698 caeteris
1824 1626 2061 1698 forma
2130 1625 2600 1722 praemineat
2658 1644 2734 1699 et

497 1734 857 1827 snpientia
913 1751 1222 1807 cunctas
1277 1731 1617 1806 excellat.
1733 1731 1832 1802 Et
1873 1731 2222 1828 equidem
2253 1731 2733 1806 immaculata

497 1843 637 1911 [iffi
696 1866 974 1938 sponsa
1031 1858 1146 1914 est
1202 1865 1374 1913 vera
1434 1839 1703 1936 religio
1759 1862 1984 1934 quam
2042 1839 2390 1936 suscepit,
2436 1856 2511 1911 et
2568 1839 2734 1912 the·

493 1974 752 2019 saurus
790 1948 1272 2021 absconditus
1302 1962 1417 2019 est
1457 1971 1774 2043 regnum
1835 1944 2207 2017 caelorum
2259 1947 2462 2041 quod
2520 1962 2733 2019 tanto

493 2053 864 2126 2⁷12.,=÷.·ideri0
903 2052 1320 2152 exquisivit.
1440 2051 1640 2146 Quia
1684 2052 2140 2146 [necessario
2180 2068 2341 2124 erat
2388 2052 2727 2149 omnino]

497 2162 788 2233 rma-atio
831 2159 1268 2258 evangelica
1308 2158 1382 2232 in
1423 2184 1515 2232 eo
1555 2159 1951 2255 explenda,
1995 2158 2120 2255 qui
2162 2159 2534 2258 evangelii
2574 2176 2734 2233 erat

497 2267 827 2339 minister
887 2267 956 2339 in
1017 2267 1162 2340 fide
1221 2282 1297 2339 et
1350 2266 1668 2338 veritate
1725 2265 2031 2337 futurus.

609 2657 960 2743 Qualiter
1010 2656 1331 2728 venditis
1385 2655 1725 2728 omnibus
1772 2657 2163 2750 pecuniam
2219 2667 2621 2752 susceptam

1258 2764 1700 2857 contempsit.
1821 2761 1943 2835 IV.

653 2960 717 3029 3.
767 2958 1039 3056 [Ergo]
1105 2958 1209 3031 sic
1266 2958 1575 3029 affectus
1615 2957 1882 3030 beatus
1920 2983 2180 3030 servus
2217 2958 2606 3044 Altissimi,
2653 2977 2732 3033 et

489 3084 747 3136 :-·.;÷.u.÷:;.to
805 3064 1081 3161 Spiritu
1143 3064 1643 3154 confirmatuS‚
1705 3064 2061 3160 quoniam
2116 3066 2376 3139 aderat
2430 3083 2730 3164 tempus

493 3188 870 3264 statutum,
930 3171 1266 3267 sequitur
1295 3170 1492 3243 illum
1538 3172 1843 3243 beatum
1883 3170 2246 3267 impetum
2305 3171 2530 3246 animi
2590 3174 2724 3258 sui,

489 3308 637 3372 *31:11
677 3280 772 3351 ad
803 3278 1084 3374 optima
1115 3278 1332 3361 bona,
1381 3276 1683 3350 calcatis
1722 3277 2246 3361 saecularibus,
2293 3279 2456 3352 itur.
2555 3280 2727 3353 Non

493 3388 760 3457 law-hat
818 3386 914 3456 de
971 3401 1273 3457 caetero
1331 3385 1573 3456 facere
1634 3409 1942 3468 moram,
2006 3385 2180 3481 quia
2245 3384 2483 3458 letalis
2540 3412 2728 3459 mor-

493 3496 625 3560 lmff.
693 3490 962 3586 ubique
1018 3491 1163 3564 iam
1208 3491 1279 3564 in
1329 3507 1618 3564 tantum
1679 3507 2132 3574 excreverat,
2196 3506 2273 3564 et
2329 3491 2726 3565 multorum

493 3628 585 3668 κει]
637 3623 896 3670 omnes
935 3615 1436 3694 occupaverat
1464 3614 1689 3681 artuS,
1727 3613 1825 3681 ut,
1862 3598 2396 3694 aliquantisper
2434 3599 2728 3672 medico

633 3844 673 3880 J.
717 3828 756 3880 R
795 3840 1003 3880 tantum
1123 3828 1192 3881 Os
1232 3845 1328 3879 om.
1370 3826 1567 3896 aliquid
1733 3842 1784 3893 4.
1823 3829 1882 3880 H
1916 3846 2013 3880 om.
2055 3827 2201 3897 loqui
2373 3841 2418 3893 5.
2458 3827 2513 3881 H
2538 3826 2725 3898 loque—

617 3928 633 3956 .-
749 3908 817 3959 Os
856 3905 995 3958 velle
1179 3921 1226 3976 9.
1269 3907 1323 3959 H
1360 3924 1456 3959 om.
1497 3907 1576 3959 eis
1765 3922 1845 3958 12.
1880 3908 1963 3961 AS
1993 3909 2199 3960 cunctis
2326 3907 2390 3956 W
2435 3906 2727 3977 praecellat

617 4008 629 4036 -.
673 3987 887 4056 quidem
1037 3987 1095 4039 M
1134 3987 1399 4057 Equidem
1555 4003 1633 4054 13.
1678 3987 1761 4039 Ox
1800 4004 1875 4055 sp.
1918 4001 2012 4039 cst.
2054 3988 2194 4040 Nam
2230 3986 2324 4040 rel.
2445 4002 2524 4055 15.
2567 3990 2609 4041 B
2635 4005 2724 4040 ne·

622 4072 711 4119 wia
750 4079 862 4119 erat
893 4069 1078 4119 animo
1231 4064 1309 4119 16.
1338 4066 1575 4133 vocatio]
1622 4066 1692 4119 Os
1740 4068 2064 4134 praedicatio
2219 4083 2296 4136 17.
2336 4069 2421 4123 Ox
2463 4067 2725 4122 affuturus

629 4156 645 4196 ff
689 4147 1069 4215 contempserit
1180 4161 1262 4200 20.
1302 4146 1368 4210 Β,
1417 4146 1486 4211 Ε,
1527 4147 1592 4209 L,
1632 4146 1718 4209 Os,
1752 4145 1928 4208 Quia,·
1970 4147 2030 4200 H
2065 4149 2151 4213 M,
2200 4149 2315 4214 Ox,
2355 4149 2398 4203 R
2444 4148 2539 4202 Eia
2652 4149 2722 4212 H,

629 4228 769 4278 “ft-ctu
848 4229 886 4281 R
914 4244 1011 4279 om.
1038 4228 1224 4279 beatus
1371 4240 1455 4280 22.
1490 4226 1583 4279 AS
1604 4242 1703 4278 om.
1736 4226 1980 4297 sequitur
2056 4228 2097 4282 R
2129 4228 2420 4299 imperium
2570 4245 2657 4300 23.
2683 4231 2723 4284 R

669 4306 919 4357 omnibus
1066 4321 1149 4370 24.
1180 4305 1268 4359 As
1299 4305 1460 4359 licere
1624 4318 1707 4370 25.
1760 4307 1829 4357 W
1860 4306 1970 4358 iam
2013 4306 2229 4360 interim
2396 4308 2481 4362 26.
2525 4310 2595 4363 Os
2624 4326 2723 4362 om.

625 4404 677 4432 :a
754 4386 813 4435 M
851 4383 1066 4446 medio;
1111 4386 1210 4448 05,
1255 4386 1294 4438 R
1335 4384 1555 4436 modico

1329 4567 1349 4595 '⁸
1502 4561 1531 4631 ὃ·
1569 4593 1625 4629 ι’*-
1663 4568 1713 4632 ²!
1740 4570 1768 4606 Τ
1884 4580 1895 4589 ”

1353 4637 1375 4667 5
1423 4617 1455 4666 b
1768 4634 1790 4662 Α

2798 1537 2870 1583 10

2797 2073 2863 2138 15

2787 2988 2866 3033 20

2785 3520 2858 3587 25
