3142 4875
238 341 313 407 216
612 361 786 411 LEGENDA
814 360 980 410 sacuunn

1087 467 1352 476 ———-

232 594 388 680 veniret,
410 595 681 692 respondisset:
712 595 749 666 A
778 594 871 668 cella
900 593 1022 667 fratris
1050 593 1259 677 Francisci3
1280 592 1353 665 hoc

234 719 384 774 sanctus
412 702 541 774 audito
569 701 779 798 respondit:
811 701 870 774 Ex
891 726 966 797 quo
995 699 1184 774 Francisci
1215 725 1352 773 nomen

234 808 349 881 celiae
378 808 597 905 imposuisti,
627 809 874 905 approprians
902 833 986 882 eam
1015 807 1114 892 mihi,
1142 807 1253 879 alium
1283 806 1352 879 sibi

233 939 392 1009 quaeras
420 914 685 1000 habitatorem;
718 941 804 988 nam
833 916 912 1011 ipse
943 916 979 987 in
1008 940 1054 987 ea
1083 939 1156 987 non
1177 914 1354 987 morabor

232 1020 280 1094 de
308 1037 468 1095 caetero.
527 1022 723 1108 Dominus,
745 1021 807 1106 ait,
830 1022 981 1117 quando
1000 1021 1102 1094 stetit
1131 1023 1167 1093 in
1188 1021 1349 1103 deserto
1387 1045 1405 1109 5

233 1128 294 1200 ubi
323 1129 443 1202 oravit
463 1144 500 1201 et
529 1127 706 1202 ieiunavit
733 1128 984 1226 quadraginta
1012 1127 1154 1210 diebus,
1178 1154 1252 1200 non
1282 1127 1352 1200 cel·

233 1233 306 1306 lam
326 1235 375 1307 ibi
395 1235 473 1309 fieri
494 1236 589 1318 fecit,
612 1261 681 1308 nec
709 1235 872 1332 aliquam
892 1236 1056 1320 domum,
1079 1235 1146 1307 sed
1166 1235 1235 1307 sub
1259 1259 1352 1307 saxo

234 1343 370 1414 montis
401 1344 616 1439 permansit.
673 1342 788 1439 Sequi
823 1368 909 1416 eum
938 1367 1138 1437 possumus
1167 1341 1202 1413 in
1233 1341 1351 1413 forma

192 1457 208 1498 ⁴
232 1449 471 1546 praescripta,
502 1448 589 1521 nihil
617 1448 856 1547 proprietatis
885 1450 1071 1531 habendo,
1097 1447 1183 1522 licet
1202 1464 1352 1545 praeter

235 1580 341 1626 usum
362 1556 557 1629 domorum
578 1556 703 1629 vivere
724 1581 799 1629 non
819 1556 1015 1653 possimus.
1385 1577 1428 1623 10

660 1761 925 1769 ----————-—

338 1939 407 2011 De
435 1956 728 2037 paupertate
757 1937 1057 2012 utensilium.
1116 1937 1241 2009 XXX.
1384 1975 1428 2024 ρ

312 2156 373 2224 60.
414 2154 499 2225 Non
527 2151 647 2225 solum
676 2153 873 2225 domorum
906 2151 1159 2249 arrogantiam
1199 2149 1351 2222 odiebat

232 2260 345 2331 homo
383 2260 463 2343 iste,
498 2284 626 2332 verum
661 2260 859 2332 domorum
893 2257 1065 2330 utensilia
1102 2257 1217 2330 multa
1257 2254 1348 2352 [vel]

231 2365 416 2464 exquisita
449 2365 647 2464 plurimum
679 2366 934 2463 perhorrebat.
993 2364 1093 2439 Nihil
1127 2365 1162 2437 in
1199 2363 1348 2448 mensis,

232 2473 320 2545 nihil
353 2474 390 2545 in
425 2474 522 2547 vasis
559 2500 633 2570 quo
662 2473 789 2546 mundi
819 2473 1078 2547 recordaretur
1115 2472 1274 2554 amabat,
1311 2487 1351 2543 ut
1384 2504 1422 2568 15

230 2580 355 2653 omnia
374 2581 726 2678 peregrinationem,
748 2579 874 2652 omnia
894 2595 1088 2652 cantarent
1109 2578 1289 2651 exsilium.

658 2786 922 2795 -.----ι

234 2964 478 3059 [Exemplum
496 2965 540 3035 de
557 2988 682 3043 mensu
703 2964 744 3033 in
763 2963 822 3032 die
841 2960 1005 3032 Paschae
1023 2959 1128 3054 apud
1149 2958 1348 3030 Graeciam

302 3088 599 3175 praeparatae!
622 3077 796 3174 quomodo
823 3103 859 3148 se
891 3076 1041 3149 Christi
1064 3073 1226 3169 exemplo
1253 3074 1350 3144 sicut

301 3197 548 3291 peregrinum
568 3194 770 3288 exhibuit}
829 3190 972 3263 XXXl.

311 3414 370 3480 61.
403 3410 558 3481 Factum
587 3425 654 3491 est,
677 3409 840 3503 quodam
861 3405 922 3477 die
951 3404 1127 3486 Paschae,
1150 3418 1190 3473 ut
1218 3402 1348 3474 sratres
1377 3433 1421 3480 20

229 3518 264 3587 in
294 3541 421 3589 eremo
449 3514 598 3589 Graecii
623 3539 790 3587 mensam
818 3510 1026 3586 accuratius
1052 3508 1162 3581 solito
1189 3507 1283 3581 albis
1311 3523 1349 3580 et

227 3623 354 3695 uitreis
369 3637 645 3719 praepararent.
681 3619 927 3693 Descendens
938 3635 1062 3690 autem
1073 3632 1180 3713 pater
1194 3615 1242 3688 de
1257 3613 1349 3687 cella

227 3730 330 3803 venit
348 3730 395 3803 ad
417 3740 600 3812 mensam,
619 3726 800 3824 conspicit
818 3727 895 3798 alto
914 3726 1034 3807 sitam,
1052 3748 1223 3820 vaneque
1243 3745 1349 3794 orna-

228 3856 324 3919 tam;
355 3837 422 3910 sed
451 3835 585 3909 ridenti
614 3859 767 3907 mensae
789 3857 1024 3930 nequaquam
1053 3829 1202 3902 arridet.
1260 3828 1349 3900 Fur-

227 3945 350 4017 timet
378 3942 608 4040 pedetentim
638 3941 792 4014 retrahit
810 3964 993 4037 gressum,
1020 3937 1201 4034 capellum
1232 3935 1349 4008 cuius·
1378 3967 1419 4032 25

228 4053 314 4123 dam
335 4051 521 4149 pauperis,
543 4049 606 4147 qui
626 4066 713 4122 tunc
733 4048 873 4132 aderat,
897 4045 1009 4142 capiti
1033 4070 1102 4117 suo
1122 4042 1290 4140 imponit,
1312 4056 1349 4114 et

303 4278 323 4313 1.
345 4260 442 4330 fratris]
464 4261 497 4312 M
514 4261 599 4313 sancti
676 4275 697 4328 3.
714 4258 746 4309 M
760 4277 809 4312 om.
829 4259 1005 4328 approprians
1017 4287 1033 4296 -
1045 4255 1113 4309 mihi
1189 4272 1210 4323 ς.
1229 4254 1347 4321 deserto]

233 4342 261 4389 tr
270 4357 378 4393 carcere
451 4342 475 4394 8.
488 4341 508 4395 R
520 4340 602 4411 Sequi
614 4357 662 4392 cur
672 4357 728 4392 non
739 4355 882 4409 possumus
893 4337 1021 4391 inferiora
1091 4352 1130 4404 13.
1142 4337 1167 4389 A
1178 4348 1205 4388 et
1274 4348 1315 4387 22.
1326 4332 1347 4385 R

229 4420 377 4472 Descendit
449 4436 491 4489 23.
514 4424 540 4473 ,tt
553 4424 682 4491 ,varieque
