3142 4875
273 335 341 383 122
665 332 835 382 LEGENDA
863 332 975 380 PRIMA

1118 439 1382 448 ———————-

264 584 303 643 et
330 586 371 643 ut
406 569 454 642 de
482 584 612 642 sancto
648 566 805 666 legitur:
836 567 980 641 Videns
1015 579 1091 640 'non
1126 566 1288 652 videbat,
1317 591 1381 639 au·

265 676 371 749 diens
400 701 474 749 non
507 674 693 749 audiebat.
763 675 882 748 Immo
910 691 948 747 et
984 673 1173 748 multoties
1202 699 1286 746 cum
1314 699 1381 769 per

264 782 363 857 viam
391 782 469 866 iret,
502 781 686 854 meditans
704 797 743 854 et
762 797 917 854 cantans
937 783 1070 867 lesum,
1093 780 1381 854 obliviscebatur

265 889 405 964 itineris
433 905 471 962 et
499 887 624 962 omnia
643 886 829 961 elementa
848 886 1028 961 invitabat
1046 888 1096 961 ad
1115 887 1262 960 laudem
1283 887 1376 958 lesu.

264 997 314 1069 Et
341 995 427 1093 quia
456 995 550 1068 miro
577 1019 704 1068 amore
733 1020 884 1091 semper
918 995 953 1067 in
984 996 1096 1067 corde
1124 1019 1193 1066 suo
1221 994 1380 1091 gerebat
1410 1024 1430 1089 5

264 1121 302 1176 et
330 1102 575 1176 conservabat
604 1101 794 1175 Christum
814 1102 936 1174 Iesum
967 1116 1004 1173 et
1023 1102 1120 1173 hunc
1149 1100 1375 1183 crucifixum,

264 1226 463 1307 propterea
481 1206 676 1306 signaculo
703 1233 772 1281 suo
792 1206 1059 1306 gloriosissime
1078 1233 1191 1305 supra
1210 1223 1379 1280 caeteros

263 1331 321 1389 est
348 1316 527 1413 signatus
560 1341 671 1411 quem
700 1315 824 1397 etiarn,
848 1331 973 1387 mente
993 1315 1192 1397 excedens,
1216 1331 1379 1387 contem·

263 1421 434 1519 piabatur
461 1422 496 1495 in
526 1422 647 1519 gloria
674 1420 848 1497 indicibili
870 1438 908 1493 et
927 1419 1302 1518 incomprehensibili,
1323 1447 1379 1493 se-

264 1530 415 1602 dentem
443 1529 492 1602 ad
520 1529 712 1601 dexteram
750 1528 878 1611 Patris,
910 1554 995 1600 cum
1023 1554 1098 1625 quo
1127 1529 1206 1625 ipse
1236 1527 1379 1601 coaltis·
1412 1557 1455 1602 10

263 1635 377 1708 simus
395 1634 577 1709 Altissimi
597 1634 723 1718 Filius,
742 1634 778 1707 in
795 1636 935 1707 unitate
951 1634 1110 1732 Spiritus
1138 1635 1267 1718 sancti,
1288 1634 1380 1707 vivit

262 1760 300 1815 et
327 1758 471 1840 regnat,
502 1742 616 1815 vincit
644 1759 682 1814 et
710 1742 878 1838 imperat,
909 1742 1015 1833 Deus
1043 1743 1281 1815 aeternaliter
1299 1743 1378 1840 glo-

262 1850 381 1923 riosus
410 1874 477 1946 per
496 1847 621 1922 omnia
649 1850 798 1921 saecula
826 1850 1071 1922 saeculorum.
1129 1850 1265 1922 Amen.

260 2280 319 2350 De
337 2279 496 2374 planctu
528 2277 786 2349 Dominarum
809 2279 914 2372 apud
931 2278 1111 2348 Sanctum
1138 2279 1377 2349 Damianum

339 2404 373 2467 et
389 2393 561 2490 quomodo
583 2418 665 2465 cum
694 2392 803 2465 laude
821 2402 855 2465 et
867 2393 996 2490 gloria
1023 2392 1188 2489 sepultus
1207 2404 1268 2466 est.
1326 2393 1374 2466 X.
1411 2427 1450 2496 15

316 2702 319 2709 Ι
345 2612 428 2678 116.
459 2607 610 2680 Fratres
638 2607 751 2705 igitur
767 2624 817 2708 'et
843 2607 904 2680 filii
926 2609 988 2705 qui
1014 2626 1267 2682 convenerant
1293 2635 1377 2681 cum

260 2712 359 2785 omni
390 2714 625 2786 multitudine
643 2714 877 2811 populorum,
899 2741 995 2812 quae
1015 2741 1062 2792 ex
1090 2715 1221 2788 vicinis
1250 2715 1378 2789 civita·

260 2819 358 2892 tibus
386 2821 498 2893 tantis
526 2847 567 2893 se
597 2822 812 2919 gaudebant
833 2823 1012 2894 interesse
1037 2822 1237 2906 solemniis,
1259 2839 1376 2895 totam

261 2943 409 2999 noctem
437 2926 547 3011 illam,
570 2927 701 3025 inqua
728 2928 820 3002 obiit
839 2945 990 3002 sanetus
1009 2946 1125 3025 pater,
1148 2929 1283 3002 divinis
1301 2930 1376 3002 lau·

261 3034 368 3107 dibus
387 3051 748 3122 consummaverunt,
770 3035 821 3109 ita
841 3052 891 3121 ut,
913 3062 1003 3133 prae
1023 3036 1279 3109 iubilationum
1299 3034 1377 3108 dul·
1406 3073 1452 3119 20

260 3141 390 3213 cedine
405 3166 449 3214 ac
464 3141 644 3214 luminum
661 3141 836 3226 claritate,
857 3144 935 3216 sore
953 3144 1174 3240 angelorum
1194 3142 1377 3215 excubiae

259 3246 483 3320 viderentur.
540 3248 654 3321 Mane
682 3265 808 3322 autem
838 3250 946 3332 sacto,
976 3251 1150 3322 convenit
1179 3249 1376 3323 multitudo

259 3353 416 3428 civitatis
443 3353 576 3428 Assisii
606 3381 689 3428 curn
719 3357 892 3428 universo
921 3357 1031 3440 clero,
1063 3374 1101 3429 et
1129 3355 1302 3429 tollentes
1322 3381 1376 3429 sa-

259 3486 361 3534 crum
390 3486 525 3559 corpus
553 3464 601 3534 de
630 3461 712 3535 loco
733 3463 768 3535 in
789 3489 864 3560 quo
889 3463 1042 3546 obierat,
1066 3490 1150 3536 cum
1171 3464 1319 3559 hymnis
1338 3479 1376 3535 et

333 3690 353 3726 1.
374 3675 394 3728 R
414 3691 462 3727 om.
482 3685 509 3726 et
600 3691 622 3744 3.
643 3675 764 3742 cantans]
787 3675 822 3728 0,-
842 3676 965 3744 cogitans
1055 3692 1080 3738 4.
1100 3675 1145 3728 As
1169 3692 1217 3726 om.
1242 3672 1375 3726 clementa

260 3771 282 3820 5.
302 3754 408 3822 amore]
430 3753 572 3807 Hcanore
648 3752 904 3807 6.Rconservavit
982 3771 1006 3823 7.
1026 3755 1236 3823 su0]Lcrncis
1310 3754 1375 3807 8.R

258 3834 399 3902 insignitus
472 3849 495 3902 9.
512 3834 876 3902 Orominctlepindicabili
953 3835 1173 3903 tp.050m.ipse
1246 3833 1379 3887 10-11.H

258 3914 404 3966 altissimus
471 3915 513 3967 Ox
529 3914 685 3967 coaltissimi
699 3923 720 3968 ct
739 3932 788 3968 om.
806 3915 938 3967 Altissimi
1033 3931 1070 3969 tt.
1093 3915 1127 3968 Os
1147 3914 1307 3967 coaltissimi
1327 3914 1375 3966 fn,

256 3994 284 4046 in
303 3995 413 4046 veritate
433 3993 479 4063 Sp.
568 3994 715 4059 14.L0nt.
735 3995 805 4064 apud
827 3995 855 4048 S.
874 3994 1040 4047 Damianum
1128 4012 1167 4061 15.
1189 3996 1224 4049 Os
1243 4012 1291 4048 om.
1312 4011 1375 4046 cum

260 4071 299 4127 16.
319 4072 434 4142 Fratres]
455 4073 499 4126 As
517 4073 609 4126 Patres
662 4076 766 4143 Rergo
843 4091 881 4144 17.
903 4076 938 4129 05
957 4092 1091 4145 nmquae
1168 4076 1207 4129 18.
1226 4093 1255 4127 se
1274 4075 1376 4143 gaude·

255 4152 331 4220 bant]
351 4153 397 4205 AS
412 4153 600 4221 adgaudebant
686 4170 724 4224 19.
746 4154 793 4208 As
806 4173 854 4207 om.
874 4168 982 4208 sanctus
1034 4156 1055 4209 P
1074 4168 1148 4225 pater
1166 4168 1274 4208 sanctus
1293 4154 1376 4207 Fran·

257 4233 345 4284 ciscus
416 4247 460 4285 20.
471 4233 516 4288 As
523 4249 710 4287 consummare
717 4253 726 4296 ,·
738 4234 779 4298 H,
793 4236 848 4299 Ox,
861 4236 1115 4288 Pconsummarunt
1187 4250 1282 4289 20·21.
1292 4235 1321 4288 H
1329 4251 1376 4303 per

256 4311 309 4363 iub.
323 4311 494 4365 dulcedinem
536 4313 583 4367 As
593 4332 642 4366 om.
656 4314 799 4367 dulcedine
811 4332 843 4367 ac
857 4315 992 4368 luminum
1007 4324 1028 4368 et
1040 4316 1082 4384 leg.
1098 4316 1228 4368 charitate
1293 4330 1333 4368 21.
1347 4313 1378 4366 H

258 4387 405 4441 claritatem
480 4406 521 4461 23.
541 4394 678 4462 universo]
698 4394 746 4448 AS
762 4395 838 4447 omni
