3142 4875
608 373 888 428 PROLEGOMENA
1218 377 1305 427 LXIX

244 600 566 690 Neobutgensis
590 619 639 668 est
658 599 760 666 codex
781 599 872 666 cuius
886 598 1107 687 apographum
1120 599 1154 652 (¹)
1172 597 1307 665 habetur

176 712 209 776 in
227 707 421 776 bibliotheca
444 707 585 796 Collegii
606 706 808 774 bollandiani
829 706 995 787 bruxellis,
1015 723 1048 772 et
1067 704 1157 773 fulta
1179 706 1215 772 P.
1234 706 1304 773 Van

179 814 305 901 Ortroy
328 831 550 881 memoratum
575 812 609 879 in
629 812 792 879 Analectis.
841 811 949 892 Hunc,
968 812 1041 878 licet
1065 809 1150 878 aliud
1174 834 1240 878 non
1265 812 1305 878 sit

177 944 277 1010 quam
300 920 525 1009 fragmentum
545 920 698 1007 legendae
718 941 829 986 aureae
853 919 1050 987 celeberrimi
1074 918 1182 986 Iacobi
1205 919 1306 986 aVo·

178 1032 298 1117 regine,
329 1031 499 1116 signatum
524 1027 625 1109 volui,
648 1028 722 1114 quia
751 1028 784 1094 in
816 1026 971 1093 miraculo
999 1047 1036 1092 12
1062 1026 1109 1116 (p.
1136 1047 1151 1112 3
1158 1046 1220 1112 50:
1238 1025 1308 1114 27),

180 1159 221 1203 ex
244 1136 298 1202 illo
323 1138 506 1203 variantem
531 1135 656 1223 excepi.

629 1539 783 1645 eaeor
809 1578 865 1644 iv.

493 1839 495 1846 y
595 1763 647 1829 Du
672 1763 903 1829 Eorrromeus.

251 2050 277 2116 Ι.
292 2087 331 2099 -
347 2046 503 2133 Legenda
519 2048 532 2114 l
547 2045 631 2113 edita
647 2045 717 2126 fuit,
729 2047 774 2112 uti
786 2068 880 2133 supra
900 2045 1019 2114 dictum
1038 2066 1096 2127 est,
1115 2047 1145 2114 in
1164 2068 1256 2115 tomo
1278 2050 1310 2117 lI

183 2159 304 2224 mensis
329 2156 470 2224 octobris
496 2151 694 2222 collectionis
719 2157 797 2221 Arta
820 2154 994 2222 Sarritorum
1019 2155 1085 2245 (ed.
1116 2157 1310 2245 Antuerpiae

187 2266 284 2352 1768,
300 2288 353 2352 pp.
367 2266 498 2349 683-72
504 2284 519 2348 3
533 2288 542 2344 ;
558 2262 609 2328 ed.
627 2262 754 2328 Parisiis
774 2264 869 2342 1866,
884 2285 935 2349 pp.
954 2261 1134 2352 683-722).
1183 2266 1233 2330 De
1251 2264 1310 2332 hac

183 2373 289 2461 prima
312 2370 458 2439 editione
481 2369 524 2437 nil
549 2366 675 2436 videtur
698 2367 893 2437 addendum.

255 2478 298 2546 ΙΙ.
313 2517 358 2526 -
371 2475 560 2565 Legendam
576 2476 589 2542 Ι
606 2495 638 2542 et
661 2476 692 2542 ΙΙ
718 2474 819 2543 edidit
834 2477 870 2543 P.
887 2476 1067 2565 Stephanus
1092 2479 1265 2547 Rinaldi
1293 2505 1311 2546 a

186 2588 306 2653 Sancta
319 2583 468 2649 Anatotia
484 2582 517 2649 ln
534 2582 665 2663 Picen0‚
682 2579 817 2649 Ordinis
835 2583 1002 2649 Minorum
1020 2585 1309 2667 Conventualium,

186 2695 238 2759 vir
261 2691 466 2758 doctissimus
489 2690 544 2776 qui
568 2688 806 2776 evulgationem
831 2691 935 2777 operis
959 2692 994 2781 P
1025 2691 1200 2777 Hyacinthi
1233 2692 1311 2760 Sba·

186 2797 291 2866 raleae
320 2796 390 2887 (ob.
420 2797 501 2862 circa
525 2817 598 2865 anu.
629 2795 743 2884 1763):
768 2795 1005 2885 supplementum
1037 2813 1061 2863 et
1090 2800 1242 2886 castigatio
1271 2800 1313 2866 od

186 2905 348 2992 Scriptores
374 2901 454 2970 Ord.
470 2902 638 2981 Minorem,
654 2920 835 2989 susceperat
855 2902 998 2992 (Romae
1021 2904 1132 2993 1806),
1148 2924 1222 2991 post
1241 2905 1309 2972 obi·

188 3034 261 3079 tum
285 3012 321 3076 P.
342 3010 502 3077 Francisci
525 3010 660 3076 Antonii
685 3008 852 3083 Contatini
878 3009 1041 3097 (Parmae,
1066 3012 1084 3078 8
1106 3010 1173 3078 dec.
1200 3012 1318 3101 1799),

190 3140 223 3185 et
246 3117 392 3185 eiusdem
417 3117 583 3185 Sbaraleae
607 3116 733 3184 codices
758 3121 1003 3206 manuscriptos,
1021 3117 1059 3185 ad
1080 3119 1312 3186 correctionem

189 3226 299 3293 Italiae
311 3226 433 3304 Sacrae,
450 3247 531 3313 quos
548 3244 723 3312 acceperat,
738 3222 852 3292 studiis
869 3226 1018 3314 perficere
1035 3227 1220 3306 conabatur,
1238 3250 1312 3293 cum

193 3336 317 3402 Romae
334 3333 367 3399 in
388 3349 550 3398 conventu
568 3332 624 3398 SS.
638 3331 704 3399 Xll
717 3332 950 3419 Apostolorum
964 3352 1068 3398 morte
1085 3332 1143 3400 fuit
1159 3334 1312 3414 sublatus,

192 3439 244 3506 die
272 3460 309 3507 12
342 3438 532 3525 septembris
559 3439 695 3525 1837.(²)
753 3440 878 3505 Eodem
903 3462 989 3506 anno
1017 3462 1054 3507 ac
1077 3440 1314 3529 Srtpplemrntum

193 3568 226 3614 et
260 3545 381 3614 eisdem
401 3545 486 3631 typis
515 3544 701 3633 prodierunt
727 3545 880 3634 Seraphici
913 3548 974 3612 viri
1000 3569 1023 3612 s.
1056 3547 1211 3613 Francisri
1243 3551 1311 3614 Asi·

192 3656 276 3721 siatt's
300 3654 387 3720 Vitae
410 3652 487 3718 duae
510 3664 626 3718 auctore
652 3653 686 3719 B.
721 3652 837 3719 Thema
865 3652 900 3718 de
933 3652 1045 3720 Celano
1070 3655 1131 3720 eius
1159 3655 1311 3743 discipulo.

196 3761 336 3845 Quarum
359 3782 422 3826 una
437 3758 478 3825 ad
488 3757 581 3847 fidem
601 3781 654 3828 ms.
669 3762 820 3834 recensita,
837 3759 933 3826 altero
953 3783 1029 3826 nunt
1047 3762 1182 3848 primum
1197 3761 1309 3849 prodit.

265 4029 308 4097 (1)
330 4025 395 4079 «Ex
413 4023 573 4080 bibliotheca
587 4025 778 4095 Neoburgensi
801 4042 885 4095 prope
904 4025 1040 4079 Viennam
1061 4026 1194 4091 Austriae‚
1214 4027 1277 4079 cod.
1302 4045 1312 4097 3

194 4115 345 4170 Passionali
359 4130 523 4186 pergameno
537 4115 683 4185 antiquo.»
729 4114 869 4184 Neoburgi
886 4113 1043 4184 Collegium
1058 4127 1097 4167 est
1113 4115 1317 4170 Canonicorum

195 4205 372 4277 Regularium
383 4204 574 4274 (Cnevnmen,
587 4204 750 4275 Tmo-But,
764 4220 785 4257 c.
800 4204 875 4272 1603,
887 4203 1140 4273 Klosterneuburg).
1176 4202 1232 4256 Cir.
1246 4206 1317 4259 Aua·

196 4295 257 4348 lecte
276 4291 391 4347 Bolland.
411 4291 429 4343 l.
449 4308 483 4353 c..
502 4309 545 4361 pp.
564 4305 607 4362 93,
627 4295 661 4363 98
680 4303 706 4345 et
729 4308 788 4361 174.

266 4384 311 4451 (2)
324 4381 456 4446 Monour,
471 4380 619 4449 Dizionario
633 4381 659 4435 di
671 4381 813 4451 eruditione
822 4381 1104 4445 norico-ecclesiastica,
1118 4379 1173 4432 vol.
1188 4381 1231 4451 83,
1241 4400 1266 4452 p.
1278 4398 1317 4446 12,

196 4471 325 4535 venezia,
349 4470 423 4538 1857.
