3142 4875
257 530 398 627 Utique
430 528 519 603 satis
538 530 646 612 bene,
682 543 789 625 pater
822 528 1049 602 charissime.
1108 529 1178 602 Cui
1208 544 1374 602 sanctus:

259 638 372 720 Cave,
387 637 510 720 frater,
529 661 576 709 ne
588 636 657 708 sub
672 634 889 708 humilitatis
904 634 1029 733 specie
1045 636 1246 708 mentiaris.
1294 635 1378 707 Scio

258 744 357 816 enim
370 743 528 840 qualiter
538 767 631 840 erga
642 758 679 814 te
693 768 733 814 se
749 741 893 824 habuit;
907 742 974 814 sed
984 758 1164 839 exspecta
1180 742 1374 826 modicum,

258 866 296 922 et
310 848 466 922 videbis.
515 848 674 921 Miratus
688 864 746 921 est
760 848 1028 944 perplurimum
1049 849 1172 928 irater,
1191 849 1379 945 quomodo

258 972 336 1028 tam
365 955 535 1028 absentia
564 980 631 1051 per
659 954 829 1052 spiritum
850 954 1101 1053 cognovisset.
1161 956 1278 1052 Igitur
1307 979 1379 1026 non
1412 983 1430 1049 5

259 1079 345 1160 post
365 1062 501 1135 multos
520 1060 642 1160 [dies]‚
656 1077 873 1156 contempta
887 1059 1080 1159 religione,
1094 1060 1194 1133 foras
1209 1060 1382 1157 arripitur
1561 1133 1562 1148 .

260 1169 322 1265 qui
343 1168 560 1242 scandalum
581 1168 720 1240 lecerat
735 1167 837 1240 fratri
853 1192 932 1239 suo.
990 1167 1147 1264 Absque
1168 1167 1282 1240 dubio
1302 1192 1381 1264 per·

259 1274 446 1347 versitatis
464 1290 521 1346 est
540 1274 691 1371 signum
711 1289 748 1345 et
768 1272 976 1346 deficientis
996 1299 1128 1346 sensus
1148 1274 1303 1346 evidens
1321 1298 1382 1345 ar·
1561 1287 1562 1292 ’

260 1397 493 1479 gumentum,
513 1382 646 1452 eadem
666 1379 726 1452 via
741 1381 913 1453 eamdem
932 1406 1005 1453 non
1023 1381 1162 1453 habere
1177 1406 1262 1453 cum
1282 1382 1461 1560 bono10

261 1487 398 1560 comite
417 1486 658 1559 voluntatem.

298 1770 411 1864 [De
392 1794 521 1841 zuvrne
538 1794 604 1865 qur
624 1770 726 1841 vemt
742 1770 797 1840 ad
812 1770 1041 1865 religionem
1062 1796 1167 1866 quem
1185 1770 1353 1866 cognovit

492 1909 564 1957 non
582 1886 725 1980 spi'rzlu
744 1886 824 1956 Der
839 1886 925 1957 duct
910 1888 1019 1980 t].um
990 1884 1142 1980 ]Xl.

341 2085 402 2150 40.
435 2061 606 2134 Hiisdem
635 2060 767 2133 diebus
795 2062 899 2133 venit
918 2062 1104 2134 Assisium
1134 2061 1285 2158 quidam
1316 2087 1386 2133 no-

260 2168 343 2242 bilis
372 2194 464 2265 puer
483 2170 531 2241 de
552 2168 664 2250 Luca,
686 2167 818 2240 volens
837 2167 1095 2266 religionem
1087 2185 1235 2241 intrare
1294 2168 1381 2262 Qui,

260 2289 563 2372 repraesentatus
578 2291 708 2346 sancto
725 2274 935 2358 Francisc0,
955 2275 1061 2347 flexis
1076 2275 1236 2372 genibus
1252 2300 1385 2370 preces
1418 2310 1460 2376 15
1561 2297 1562 2386 q

261 2407 345 2454 cum
375 2380 534 2453 lacrimis
563 2379 743 2453 offerebat
778 2398 820 2454 ut
853 2406 939 2453 eum
969 2383 1163 2501 reciperet.
1230 2381 1288 2454 ln
1274 2397 1385 2454 uens
1561 2393 1562 2487 l

260 2504 385 2560 autern
416 2487 451 2557 in
481 2512 568 2560 eum
587 2486 643 2558 vir
661 2488 734 2560 Dei
764 2488 889 2561 statim
910 2488 1089 2587 cognovit
1117 2515 1185 2586 per
1212 2488 1383 2584 spiritum

191 2669 193 2671 ,
261 2593 391 2690 spiritu
421 2592 521 2665 illum
552 2618 627 2665 non
655 2593 728 2690 agi.
797 2594 978 2690 Dixitque
1008 2595 1081 2667 illi
1116 2596 1233 2667 Miser
1269 2611 1384 2690 atque

261 2698 428 2782 carnalis,
452 2726 566 2796 quare
595 2700 746 2795 Spiritui
776 2717 908 2774 sancto
927 2719 965 2774 et
986 2702 1073 2774 mihi
1096 2700 1242 2774 mentiri
1271 2726 1383 2799 posse

261 2805 441 2879 confidis?
498 2806 706 2880 Carnaliter
733 2808 882 2928 plangis
911 2824 948 2881 et
977 2834 1041 2880 cor
1068 2827 1171 2880 tuum
1193 2834 1277 2880 cum
1297 2807 1383 2880 Deo

263 2928 434 2985 nonest
492 2913 609 2996 Vade
641 2914 769 3010 inquit,
806 2913 983 3010 quoniam
1022 2914 1108 2987 nibil
1145 2912 1384 3011 spiritualiter

261 3018 372 3116 sapis.
430 3019 513 3092 Hiis
541 3019 650 3092 dictis
670 3020 887 3094 nuntiantur
905 3023 954 3093 ad
973 3022 1108 3093 ostium
1129 3038 1228 3094 stare
1248 3045 1384 3118 paren-

261 3142 329 3209 tes,
362 3145 587 3222 quaerentes
618 3125 731 3199 lilium
762 3152 898 3224 capere
926 3144 1012 3224 capt
1015 3154 1152 3225 umque
1181 3128 1379 3210 reducere;

263 3249 301 3305 et
332 3234 464 3306 exiens
496 3234 594 3306 [oras
626 3233 674 3306 ad
710 3232 791 3306 illos
828 3235 980 3307 tandem
1017 3234 1225 3307 voluntarie
1261 3231 1380 3306 rediit.

262 3338 448 3412 Mirantur
483 3340 641 3437 proinde
677 3339 818 3424 fratres,
856 3340 1099 3412 Dominum
1090 3367 1126 3413 m
1155 3366 1224 3414 suo
1253 3355 1383 3413 sancto
1412 3374 1452 3440 25
1561 3432 1562 3441 ἵ

262 3444 468 3519 laudantes.

264 3684 340 3776 [De
383 3681 540 3777 quodum
587 3680 714 3751 clerico
749 3678 796 3751 ab
834 3704 871 3750 eo
909 3689 1049 3760 sanato,
1091 3704 1196 3774 quem
1234 3686 1388 3772 propter

292 3806 480 3893 peccatum
495 3822 605 3867 suum
617 3796 750 3890 peiora
761 3805 970 3890 passurum
984 3794 1212 3889 praedixit}
1261 3791 1347 3869 Xll.

341 3996 402 4062 41.
434 3970 625 4067 Tempore
649 3996 725 4066 quo
750 3986 902 4043 sanctus
926 3986 1033 4065 pater
1052 3969 1199 4042 iacebat
1218 3967 1386 4041 infirmus

262 4080 298 4151 in
318 4078 457 4176 palatio
477 4076 642 4175 episcopi
664 4077 824 4158 Reatini,
842 4075 1044 4148 eanonicus
1064 4075 1215 4171 quidam
1236 4074 1385 4147 nomine
1414 4110 1451 4175 30

336 4258 361 4311 6.
372 4263 396 4312 A
408 4277 458 4312 orn.
468 4260 527 4312 dies
600 4275 679 4328 7·¹0·
695 4261 723 4313 ll
736 4278 786 4313 om.
800 4259 1109 4329 Absque-voluntatem
1187 4271 1225 4323 17.
1238 4258 1266 4310 Μ
1276 4257 1386 4325 agnovit

268 4354 306 4407 19.
320 4339 413 4407 quare]
432 4340 527 4409 unia
602 4353 643 4390 22.
662 4340 682 4393 ll
699 4339 826 4390 nuntiant
902 4353 942 4407 30.
959 4336 1119 4405 canonicus]
1136 4338 1165 4389 ll
1178 4335 1387 4407 praebendarius
