3142 4875
280 342 354 410 190
652 344 825 393 euoenon
852 342 1020 393 securum

275 577 434 652 Occulta
462 577 628 650 cordium
657 576 869 661 rimabatur,
893 577 1074 650 noscebat
1087 577 1266 659 absentia,
1289 601 1394 672 prae·

273 684 426 758 videbat
453 699 491 757 et
512 683 816 783 [prae]narrabat
847 685 979 757 futura.
1037 683 1202 757 Probant
1220 681 1394 779 exempla

275 791 411 890 qu[od]
443 790 611 864 dicimus,

409 1131 539 1225 [Quod
561 1131 755 1227 quemdam
783 1157 849 1227 qm
846 1131 1083 1226 putabatur
1113 1141 1262 1204 sanctus

538 1246 692 1343 falsum
719 1272 792 1319 esse
818 1248 1013 1343 cognomi}
1071 1246 1114 1318 11.
1426 1272 1442 1335 5

359 1459 416 1529 28.
448 1458 580 1531 Frater
604 1456 756 1554 quidam
776 1473 866 1542 erat,
889 1473 1070 1554 quantum
1089 1457 1220 1530 aforis
1245 1457 1395 1530 videba-

275 1580 344 1647 tur,
367 1564 573 1638 sanctitatis
591 1564 762 1646 eximiae,
780 1564 1064 1637 conversatione
1085 1563 1251 1661 insignis,
1268 1580 1394 1638 tamen

275 1670 477 1744 admodum
493 1671 702 1769 singularis.
761 1670 875 1743 Omni
895 1687 1066 1768 tempore
1083 1670 1242 1744 orationi
1258 1696 1395 1744 vacans

275 1792 378 1850 tanta
397 1776 627 1850 districtione
647 1776 833 1851 silentium
854 1778 1088 1863 observabat,
1112 1778 1213 1874 quod
1241 1803 1395 1851 consue-

275 1901 380 1957 verat
413 1909 487 1957 non
516 1884 650 1969 verbis,
682 1884 749 1958 sed
778 1884 929 1957 nutibus
957 1884 1135 1957 confiteri.
1202 1885 1242 1956 In
1271 1883 1395 1957 verbis
1429 1910 1468 1957 ιο

276 1991 490 2089 Scripturae
526 2016 705 2089 magnum
743 1991 979 2088 concipiebat
1015 1991 1198 2071 ardorem,
1230 1991 1396 2088 ipsisque

275 2098 411 2171 auditis
430 2098 524 2171 mira
542 2098 741 2172 dulcedine
764 2099 963 2196 gestiebat.
1013 2098 1115 2191 Quid
1135 2098 1272 2171 multa?
1318 2098 1397 2171 Ter

276 2221 426 2278 sanctus
454 2206 503 2278 ab
530 2206 704 2278 omnibus
734 2206 941 2277 tenebatur.
999 2204 1148 2278 Accidit
1162 2206 1314 2278 beatum
1334 2231 1395 2302 pa·

276 2330 372 2385 trem
386 2312 514 2385 venire
528 2311 576 2384 ad
592 2310 725 2395 locum,
743 2311 871 2385 videre
887 2313 1048 2395 fratrem,
1064 2312 1192 2385 audire
1212 2329 1393 2385 sanctum.

278 2419 640 2492 Commendantibus
668 2434 794 2493 autem
819 2418 992 2493 omnibus
1011 2436 1049 2493 et
1071 2419 1396 2517 magnificantibus
1428 2443 1466 2508 15

277 2525 376 2599 illum
406 2525 600 2625 respondit
627 2542 750 2625 pater:
782 2526 912 2611 Sinite,
935 2529 1076 2611 iratres,
1100 2552 1169 2600 nec
1190 2525 1278 2599 mihi
1292 2529 1329 2600 in
1349 2551 1396 2599 eo

210 2655 212 2659 ’
276 2631 460 2706 diabolica
479 2633 659 2732 figmenta
679 2632 840 2707 laudate.
898 2634 938 2706 ln
960 2633 1117 2706 veritate
1141 2633 1266 2706 sciatis
1294 2635 1396 2731 quod

276 2740 460 2813 diabolica
486 2740 643 2815 tentatio
672 2758 730 2814 est
758 2757 796 2813 et
824 2741 998 2838 deceptio
1018 2742 1262 2814 fraudulenta.
1320 2741 1396 2814 Fir-

276 2873 377 2919 mum
407 2847 495 2921 mihi
524 2847 596 2921 hoc
624 2865 690 2932 est,
723 2847 885 2945 indeque
915 2849 1076 2921 maxime
1099 2849 1392 2944 comprobatum,

276 2954 362 3051 quia
382 2954 549 3027 confiteri
570 2980 644 3028 non
664 2955 752 3027 vult.
797 2956 902 3028 Dure
916 2970 1143 3052 acceperunt
1162 2955 1233 3027 hoc
1252 2954 1393 3039 iratres,
1424 2973 1465 3020 20

276 3061 477 3158 praecipue
505 3062 664 3135 vicarius
692 3063 822 3134 sancti.
879 3061 929 3134 Et
953 3063 1153 3158 quomodo,
1176 3061 1392 3161 inqui[unt],

275 3193 405 3242 verum
425 3169 497 3242 hoc
517 3185 626 3254 esset,
646 3184 685 3240 ut
704 3169 740 3240 in
756 3184 812 3241 tot
830 3168 1068 3264 perfectionis
1088 3168 1206 3266 signis
1225 3163 1395 3241 fraudum

278 3293 490 3348 commenta
526 3275 792 3348 subluderent?
850 3275 997 3369 Quibus
1034 3291 1156 3372 pater:
1196 3276 1397 3349 Moneatur

276 3383 344 3468 bis,
373 3381 434 3454 vel
462 3382 579 3456 semel
612 3382 877 3481 [hebdomada]
915 3382 1101 3456 confiteri:
1132 3382 1292 3479 quodsi
1322 3408 1396 3456 non

277 3488 414 3574 fecerit,
442 3489 708 3588 [cognoscetis]
740 3514 829 3561 vera
857 3515 940 3562 esse
968 3515 1065 3612 quae
1094 3490 1220 3585 di[xi]
1278 3489 1397 3562 Assu·
1425 3509 1462 3574 25

277 3595 457 3669 mireum
485 3622 654 3669 seorsum
682 3595 851 3679 vicarius,
869 3613 907 3669 et
926 3596 1046 3692 primo
1065 3595 1217 3693 quidem
1238 3623 1322 3668 cum
1350 3621 1397 3669 eo

276 3702 503 3776 familiariter
523 3703 755 3786 iucundatur,
773 3702 903 3776 ultimo
923 3704 1196 3776 consessionem
1225 3703 1393 3800 iniungit

275 3809 434 3907 Respuit
463 3809 532 3895 ille,
564 3810 838 3907 imponensque
866 3810 1025 3908 digitum
1054 3809 1108 3883 ori
1137 3836 1215 3894 suu,
1238 3834 1398 3883 excusso

276 3916 407 4013 capite,
440 3916 559 3990 innuit
587 3944 627 3990 se
657 3917 867 3990 nullatenus
895 3918 1163 3991 consessurum.
1221 3918 1398 3991 Obticue·

276 4040 362 4096 runt
390 4024 533 4110 iratreS,
563 4024 739 4097 timentes
768 4024 985 4098 scandalum
1016 4025 1094 4097 salsi
1124 4024 1253 4097 sancti.
1311 4025 1397 4098 Non
1427 4041 1465 4107 30

348 4249 371 4286 2.
392 4236 416 4288 Α
433 4236 573 4288 enarrabat
648 4236 796 4306 3.Aquae
870 4237 935 4303 7.R
954 4235 1169 4289 conversationis
1246 4236 1397 4291 10.Anon

279 4314 311 4365 de
329 4313 415 4366 verbis
492 4331 529 4370 12.
549 4316 581 4368 M
598 4332 646 4368 om.
668 4315 723 4367 Ter
805 4331 846 4367 21.
865 4316 1001 4385 inquiunt]
1023 4317 1046 4367 A
1067 4315 1111 4367 hic
1131 4316 1239 4387 inquirit
1312 4330 1354 4382 24.
1372 4316 1397 4368 A

279 4392 430 4446 obedientia
503 4410 545 4464 25·
564 4396 603 4461 A,
624 4397 655 4449 M
673 4397 762 4449 scietis
821 4398 842 4449 A
859 4396 920 4450 dico
996 4411 1035 4463 30.
1055 4395 1128 4466 falsi]
1149 4398 1170 4451 R
1189 4396 1237 4448 viri
