3142 4875
615 318 720 367 annm
748 318 934 367 rnnucrscr
1259 316 1331 387 355

218 426 1301 436 mss———Qmm
1326 432 1332 436 ,

214 578 381 625 eremum
413 551 565 624 fratrum
604 551 822 625 festinanter
857 555 1064 636 accederet,
1105 571 1142 626 et
1176 556 1333 628 loturam

216 684 392 731 manuum
422 659 481 731 vel
509 659 648 755 pedum
677 660 776 731 beati
807 660 1005 745 Francisci,
1037 661 1099 757 qui
1128 679 1216 734 tunc
1245 679 1333 734 tem·

213 767 315 863 poris
331 766 544 838 morabatur
561 765 708 848 ibidem,
728 765 915 862 accipiens
934 792 1066 840 omnes
1086 767 1133 840 de
1153 793 1197 840 ea
1218 769 1334 840 boves

212 888 443 969 aspergeret.
501 872 616 944 lvlane
643 898 803 969 surgens
832 873 946 945 homo
975 874 1044 958 ille,
1067 874 1206 972 proprii
1237 901 1333 947 com-

168 1008 185 1072 5
215 979 313 1051 modi
331 977 419 1051 satis
437 978 581 1060 anxius,
598 980 700 1050 venit
714 981 762 1051 ad
783 978 915 1062 locum,
934 997 973 1052 et
992 980 1190 1078 ignorante
1205 998 1335 1054 sancto

212 1111 281 1183 per
318 1086 449 1157 fratres
485 1086 579 1157 alios
616 1087 753 1158 dictam
790 1086 949 1158 loturam
987 1088 1179 1184 subripuit,
1220 1114 1332 1184 quam

213 1217 326 1288 super
352 1218 484 1264 omnes
513 1194 629 1264 boves
658 1192 760 1264 iuxta
790 1194 1006 1266 mandatum
1039 1195 1088 1267 ad
1126 1221 1167 1267 se
1196 1196 1332 1268 factum

212 1300 381 1395 aspersit.
441 1298 613 1371 Cessavit
640 1300 688 1372 ab
717 1298 778 1372 illa
807 1299 899 1372 hora
918 1299 991 1372 Dei
1012 1301 1133 1397 gratia
1153 1300 1333 1397 pestilens

214 1407 373 1488 morbus
405 1431 474 1478 nec
506 1407 600 1478 ultra
629 1405 665 1478 in
694 1423 794 1479 terra
822 1405 882 1478 illa
910 1406 1124 1503 praevaluit.

142 1537 185 1581 10
299 1537 354 1603 19.
387 1513 456 1585 Per
484 1513 651 1586 diversas
679 1512 856 1609 regiones
883 1513 1105 1611 populorum
1133 1514 1330 1586 multorum

213 1620 360 1691 fervens
387 1620 538 1691 devotio
557 1635 687 1692 sancto
716 1620 918 1692 Francisco
937 1646 1054 1717 panes
1074 1637 1111 1693 et
1133 1646 1192 1692 res
1212 1646 1330 1694 come·

212 1724 352 1798 stibiles
380 1726 427 1797 ad
448 1726 746 1798 benedicendum
766 1726 917 1823 saepius
936 1727 1128 1804 offerebat.
1186 1728 1332 1821 Quibus

212 1832 327 1929 longo
341 1849 512 1929 tempore
532 1832 658 1905 diuino
679 1857 832 1905 munere
852 1832 932 1905 sine
952 1834 1190 1930 corruptione
1209 1833 1332 1930 aliqua

214 1938 419 2018 reservatis,
451 1941 499 2012 ad
529 1964 658 2012 eorum
678 1955 831 2037 gustum
852 1964 1010 2037 corpora
1037 1941 1208 2012 morbida
1227 1966 1332 2012 sana·

143 2069 178 2130 15
211 2047 356 2118 bantur.
415 2047 512 2119 Nam
542 2065 580 2118 et
608 2048 805 2141 probatum
835 2065 892 2118 est
920 2046 1131 2143 pervalidas
1154 2047 1331 2119 tonitruo-

212 2178 291 2224 rum
313 2169 350 2224 et
369 2152 594 2250 grandinum
614 2169 859 2248 tempestates
878 2154 1009 2225 horum
1034 2154 1171 2227 virtute
1190 2153 1328 2249 repelli.

213 2260 358 2331 Revera
379 2258 639 2331 nonnullorum
664 2258 896 2356 experientia
923 2277 1149 2356 protestatur
1175 2260 1332 2356 qualiter

211 2392 277 2463 per
297 2367 486 2446 chordam,
504 2390 579 2463 qua
600 2368 821 2464 cingebatur
841 2365 930 2463 ipse,
949 2384 987 2440 et
1007 2366 1163 2464 petiolas
1183 2368 1231 2440 ab
1251 2367 1331 2441 eius

209 2473 440 2546 vestimentis
478 2474 650 2557 dissutas,
695 2474 922 2570 fugabantur
965 2475 1094 2557 morbi,
1136 2475 1330 2573 fugiebant

136 2602 180 2648 20
211 2581 341 2661 febres,
373 2598 411 2652 et
439 2581 501 2652 diu
532 2581 657 2675 cupita
685 2581 831 2653 redibat
858 2580 968 2654 salus.
1028 2581 1124 2654 Cum
1150 2582 1249 2654 enim
1269 2583 1330 2654 die

211 2687 423 2760 Natiuitatis
442 2687 596 2759 Domini
616 2690 663 2761 de
684 2689 765 2785 ipso
785 2688 1068 2762 Bethleemitico
1088 2714 1206 2784 puero
1227 2714 1330 2785 prae·

209 2794 300 2891 sepii
332 2795 547 2867 memoriam
584 2794 799 2877 celebraret,
833 2812 870 2867 et
908 2796 1080 2869 universa
1115 2795 1202 2867 olim
1232 2795 1329 2868 circa

209 2927 365 2997 puerum
382 2901 516 2974 *lesum
548 2903 643 2974 facta
672 2901 832 2974 colludia
862 2903 1018 2997 mystice
1048 2902 1208 2981 iteraret,
1237 2902 1332 2975 inter

208 3006 313 3103 plura
352 3007 539 3105 magnalia
575 3034 672 3104 quae
709 3009 847 3081 ibidem
885 3009 1020 3081 aDeo
1057 3025 1143 3081 sunt
1179 3025 1329 3082 ostensa

135 3139 174 3205 25
209 3115 334 3186 fenum
363 3115 411 3187 de
440 3113 637 3211 praesepio
667 3114 728 3187 illo
757 3114 955 3202 sublatum,
986 3142 1098 3212 quam
1120 3115 1243 3188 multis
1263 3116 1330 3187 fuit

207 3222 255 3293 ad
284 3221 491 3294 remedium
521 3222 698 3304 sanitatis,
732 3223 893 3294 maxime
923 3248 1006 3295 cum
1030 3222 1247 3295 difficultate
1267 3248 1329 3318 pa-

207 3327 388 3399 rientibus
408 3328 564 3409 feminis,
588 3344 625 3401 et
645 3329 873 3426 contagiosis
893 3330 1113 3403 animalibus
1134 3329 1325 3400 universis.

104 3482 107 3490 ,
207 3433 289 3506 Hiis
309 3435 357 3506 de
377 3436 557 3507 creaturis
586 3435 861 3508 insensibilibus
890 3435 1114 3531 praelibatis,
1136 3460 1256 3531 pauca
1280 3436 1328 3507 de

207 3541 436 3613 sensibilium
466 3542 680 3614 obedientia
709 3543 920 3615 inferamus.

136 3973 176 4037 30
300 3944 359 4014 De
386 3942 550 4014 dominio
577 3943 676 4038 quod
700 3942 834 4013 habuit
860 3953 974 4037 super
997 3939 1234 4012 sensibilibus

606 4060 800 4130 creaturis.
860 4057 921 4129 IV.

289 4295 348 4344 20.
382 4270 606 4343 Nitebantur
635 4270 714 4367 ipse
744 4287 936 4344 creaturae
964 4271 1102 4344 amoris
1130 4272 1248 4344 vicem
1275 4298 1326 4343 re-

205 4381 374 4479 pendere
403 4395 532 4450 sancto
553 4376 754 4451 Francisco
773 4396 811 4449 et
831 4376 1059 4474 gratitudine
1079 4405 1146 4450 sua
1166 4404 1233 4474 pro
1254 4402 1325 4449 me·
