3142 4875
594 380 698 429 anan
727 380 911 428 fnnvcisci
1237 360 1285 447 36
1292 376 1310 445 5

197 489 290 497 1——-
298 490 442 497 --.—-—--
452 489 1045 496 ,Μ
1084 490 1184 495 ..-.---
1236 490 1289 494 ..--
1299 490 1308 494 v

194 614 281 682 bato
310 612 494 690 recedam,
517 626 556 681 tu
586 608 646 681 die
665 608 855 682 dominica
875 635 959 681 cum
980 609 1153 682 omnibus
1172 635 1312 682 remea-

195 717 261 789 bis.
319 718 455 813 Sicque
476 718 612 788 factum
628 732 702 798 est;
722 716 814 788 hora
832 716 1005 788 condicta
1020 715 1313 813 triumphantem

193 823 356 896 introivit
375 824 592 902 Ecclesiam,
621 824 682 919 qui
713 823 749 894 in
771 821 940 895 militanti
962 822 1105 895 fortiter
1125 822 1310 895 militarat.

194 930 364 1003 Transeo
374 930 595 1026 populorum
609 955 823 1010 concursus
837 928 1068 1002 iubilantium
1081 954 1202 1011 voces,
1217 955 1311 1002 cam-

147 1072 161 1134 5
193 1062 374 1135 panarum
403 1036 593 1117 solemnia,
617 1036 799 1132 profluvia
827 1035 1081 1119 lacrimarum3
1103 1053 1254 1108 transeo
1274 1036 1312 1108 fi-

194 1144 326 1216 liorum
355 1143 473 1222 fletus,
506 1168 675 1215 carorum
705 1143 903 1239 singultus,
934 1142 1092 1240 suspiria
1112 1143 1309 1215 sociorum.

194 1252 255 1323 Ad
277 1250 364 1322 illud
383 1249 531 1323 veniam
555 1250 656 1346 quod
686 1251 937 1347 peregrinam,
963 1248 1076 1346 patris
1096 1250 1229 1323 solatio
1250 1250 1312 1322 de-

194 1356 371 1442 stitutam,
401 1357 524 1430 valeat
553 1357 747 1429 consolari.

277 1488 335 1557 39.
367 1463 544 1537 Seorsum
580 1463 693 1560 igitur
730 1463 801 1548 illa,
836 1478 914 1535 tota
953 1463 1103 1536 madida
1139 1464 1308 1542 lacrimis,

126 1604 162 1650 ιο
193 1570 362 1644 clanculo
390 1571 546 1653 ducitur,
578 1587 616 1643 et
644 1571 811 1666 proiecto
832 1569 927 1642 inter
943 1570 1094 1642 brachia
1108 1570 1218 1644 amici
1235 1596 1310 1643 cor-

194 1703 303 1775 pore:
334 1678 535 1760 Haeccine,
566 1678 618 1751 ait
648 1677 816 1760 vicarius
849 1702 961 1772 quem
996 1675 1157 1749 dilexisti
1188 1677 1319 1749 vivum·

193 1802 324 1857 teneas
344 1804 382 1857 et
410 1785 637 1857 defunctum.
697 1782 945 1856 Calidioribus
966 1783 1025 1855 illa
1045 1809 1158 1879 super
1177 1809 1313 1879 corpus

194 1891 353 1964 lacrimis
382 1891 544 1987 irrigata,
576 1891 718 1963 flebiles
747 1916 859 1962 voces
879 1909 916 1962 et
945 1887 1130 1986 singultus
1158 1889 1312 1988 ingemi·

195 2015 268 2082 nat,
301 2014 337 2070 et
366 1998 565 2095 languidos
594 1998 732 2070 iterans
752 1996 949 2093 amplexus
977 2013 1015 2068 et
1043 1997 1181 2076 oscula,
1204 1998 1314 2069 solvit

125 2139 158 2201 15
195 2106 364 2178 velamen
396 2121 435 2177 ut
466 2104 588 2176 videat
617 2106 833 2177 revelatum.
893 2102 995 2197 Quid
1024 2102 1152 2198 plura?
1210 2103 1313 2175 Con·

194 2212 394 2308 templatur
422 2211 625 2308 pretiosum
656 2209 744 2283 illud
772 2235 849 2293 vas,
873 2209 908 2282 in
939 2236 1014 2306 quo
1049 2226 1088 2282 et
1117 2212 1313 2281 thesaurus

194 2321 353 2393 latuerat
368 2318 562 2415 pretiosus,
582 2318 747 2413 quinque
764 2317 976 2414 margaritis
990 2333 1173 2389 ornatum.
1225 2317 1313 2388 Cer-

196 2427 248 2499 nit
285 2424 365 2499 illas
401 2451 493 2523 quas
527 2427 604 2498 sola
635 2425 916 2522 Omnipotentis
954 2448 1086 2496 manus
1111 2442 1191 2496 toto
1221 2426 1311 2496 orbe

196 2532 382 2606 mirandas
425 2534 562 2606 lecerat
604 2532 821 2615 caelaturas,
860 2547 973 2627 atque
1012 2531 1166 2603 insuetis
1203 2531 1313 2626 plena

120 2671 165 2718 20
194 2638 341 2713 laetitiis
370 2639 405 2712 in
435 2639 555 2712 amico
585 2655 732 2712 mortuo
761 2638 958 2712 reviviscit.
1018 2637 1119 2710 lllico
1148 2663 1221 2710 non
1242 2638 1311 2710 dis-

194 2745 441 2819 simulandum
481 2745 648 2829 consulit,
687 2771 754 2819 nec
783 2745 1018 2842 aliquatenus
1055 2745 1311 2842 obtegendum

194 2853 401 2926 inauditum
445 2853 670 2932 miraculum,
710 2854 776 2924 sed
819 2852 978 2950 provido
1014 2851 1122 2924 nimis
1159 2852 1313 2923 consilio

194 2962 336 3033 cunctis
355 2959 464 3032 oculo
493 2960 541 3032 ad
561 2961 708 3032 oculum
725 2959 1071 3032 demonstrandum.
1130 2958 1312 3031 Certatim

194 3067 350 3165 proinde
370 3092 502 3139 omnes
518 3068 565 3138 ad
586 3065 840 3162 spectaculum
862 3082 1024 3149 currunt,
1042 3066 1221 3161 quodque
1236 3091 1311 3138 non

119 3205 161 3270 25
195 3174 334 3246 lecerat
353 3174 459 3245 Deus
487 3172 609 3245 taliter
637 3173 738 3244 omni
769 3172 909 3246 nationi
931 3173 966 3244 in
987 3173 1143 3245 veritate
1164 3198 1310 3269 compe·

195 3282 302 3364 riunt‚
320 3281 356 3352 in
386 3297 537 3377 stupore
559 3281 747 3352 mirantur.
807 3279 1006 3376 Suspendo
1022 3279 1157 3361 stilum,
1182 3279 1312 3350 nolens

195 3386 376 3459 balbutire
425 3388 525 3484 quod
564 3386 751 3482 explicare
791 3412 864 3458 non
903 3411 1065 3482 possem.
1125 3385 1311 3457 lohannes

195 3492 321 3591 Frigia
341 3495 527 3566 Pennates
554 3510 643 3565 tunc
673 3519 775 3589 puer,
798 3509 930 3590 postea
952 3494 1208 3564 Romanorum
1229 3516 1312 3588 pro-

193 3599 322 3672 consul
351 3618 389 3673 et
418 3602 512 3673 sacri
541 3600 665 3696 palatii
682 3625 820 3683 comes,
844 3602 945 3695 quod
961 3599 1022 3671 illo
1037 3615 1206 3693 tempore
1228 3623 1310 3669 cum

117 3736 160 3801 30
194 3722 312 3779 matre
341 3709 417 3778 suis
445 3708 563 3779 oculis
587 3707 678 3779 vidit
707 3723 745 3779 et
774 3708 946 3778 manibus
966 3704 1177 3778 attrectavit
1197 3703 1312 3775 libere

195 3814 264 3885 hoc
294 3812 415 3910 ipsum
436 3815 541 3897 iurat,
563 3811 685 3885 dubiis
705 3812 879 3885 omnibus
899 3812 1106 3884 confitetur.
1166 3811 1314 3882 Redeat

193 3919 266 3993 iam
296 3920 495 4017 peregrina
523 3920 560 3993 in
590 3919 757 4017 patriam,
781 3919 1045 4015 praerogativa
1065 3918 1209 4015 gratiae
1229 3941 1314 3989 con-

193 4026 322 4107 solata,
345 4044 383 4098 et
403 4053 471 4099 nos
490 4045 575 4124 post
593 4025 710 4100 sancti
733 4041 892 4097 mortem
913 4024 961 4097 ad
976 4025 1048 4097 alia
1066 4040 1310 4097 transeamus.

270 4250 290 4285 r.
311 4234 456 4304 dominica]
476 4235 530 4288 AB
548 4235 617 4288 dicta
