3142 4875
231 250 307 337 360
537 269 743 318 innotatus
775 271 821 318 m:
850 269 1044 319 irtnnctvrs

324 381 357 386 —-
398 382 416 385 ο
454 381 489 386 —-
521 380 756 386 m--ss
774 381 832 386 —-·-
1085 383 1358 390 ———-———--—-

228 521 378 578 sanctus
403 503 567 601 benigne
596 503 814 599 suscipiens,
838 519 875 575 et
891 528 938 575 ne
958 529 999 575 se
1015 505 1148 576 iterum
1170 503 1250 599 capi
1272 529 1357 600 per·

229 614 391 684 mitteret
420 610 577 683 dulciter
606 635 774 692 monens,
813 609 1074 682 benedictione
1110 610 1197 681 data
1230 610 1357 682 redire

229 718 328 791 illum
360 717 465 789 iussit
494 718 542 790 ad
572 718 713 790 silvam.

311 846 370 917 30.
402 823 530 896 Simile
559 823 737 920 quiddam
774 824 823 895 de
860 825 1023 920 quodam
1062 823 1233 895 cuniculo
1267 850 1354 896 con-

229 931 323 1028 tigit,
356 931 457 1026 quod
487 948 544 1002 est
572 931 680 1004 valde
710 930 995 1003 indomesticum
1023 929 1171 1012 animal,
1202 956 1285 1002 cunr
1315 930 1352 1003 in
1389 964 1404 1026 5

229 1039 397 1111 Perusini
427 1036 530 1109 lacus
559 1037 677 1110 insula
706 1037 921 1110 morabatur
948 1038 1004 1108 vir
1032 1055 1193 1109 sanctus.

312 1169 374 1238 3¹·
404 1145 478 1216 lter
506 1144 645 1216 faciens
672 1143 874 1239 aliquando
906 1142 960 1216 vir
988 1143 1061 1216 Dei
1091 1145 1138 1216 de
1167 1144 1276 1217 Senis
1304 1146 1353 1216 ad

230 1251 363 1324 vallem
393 1250 646 1347 Spoletanam‚
670 1249 841 1346 pervenit
869 1252 917 1322 ad
947 1251 1147 1346 quemdam
1165 1276 1349 1347 campum,

231 1359 265 1429 in
296 1380 371 1453 quo
401 1382 474 1429 non
504 1383 640 1453 parvus
668 1384 763 1455 grex
792 1356 916 1429 ovium
947 1359 1180 1453 pascebatur.
1247 1358 1353 1451 Quas

230 1491 314 1536 cum
344 1465 518 1560 benigne,
551 1481 591 1536 ut
619 1480 699 1536 erat
720 1463 860 1545 solitus,
880 1463 1088 1544 salutasset,
1111 1482 1354 1536 cucurrerunt
1390 1495 1428 1540 ιο

230 1597 362 1643 omnes
390 1573 438 1644 ad
469 1597 566 1655 eum,
598 1572 767 1644 levantes
797 1571 919 1668 capita
939 1596 1007 1644 sua
1026 1588 1064 1642 et
1086 1570 1235 1668 magnis
1254 1572 1351 1644 bala·

230 1678 328 1749 tibus
357 1676 590 1750 salutationis
619 1679 872 1773 rependentes
891 1677 1123 1774 applausum.
1183 1676 1354 1749 Vicarius

230 1785 309 1857 eius
329 1783 516 1857 attentiori
547 1784 856 1857 considerationis
884 1785 993 1856 oculo
1015 1785 1116 1880 quod
1142 1809 1232 1855 oves
1260 1786 1354 1856 lece-

230 1909 313 1964 rant
341 1892 544 1975 adnotavit,
577 1908 613 1963 et
643 1918 727 1963 cum
755 1890 837 1963 aliis
865 1892 978 1962 sociis
1011 1890 1162 1963 tardiori
1191 1890 1355 1988 vestigio

230 2023 404 2094 sequens,
436 1997 529 2070 dixit
558 1999 604 2071 ad
635 1999 814 2094 reliquos:
847 1999 946 2069 Num
973 1997 1115 2070 vidistis
1144 1996 1233 2093 quid
1262 2022 1355 2070 oves
1391 2032 1425 2095 15

230 2106 398 2177 lecerunt
426 2121 557 2177 sancto
587 2104 708 2200 patri?
764 2106 922 2184 Revera,
955 2104 1084 2201 inquit,
1116 2129 1277 2202 magnus
1296 2122 1354 2176 est

231 2214 318 2292 iste„
357 2239 467 2307 quem
512 2214 618 2284 bruta
657 2229 882 2284 venerantur
924 2227 963 2283 ut
1000 2229 1163 2309 patrem:
1208 2210 1352 2284 ratione

231 2321 395 2391 carentia
424 2319 615 2391 Creatoris
643 2318 698 2390 sui
728 2339 1005 2416 recognoscunt
1033 2318 1204 2392 amicum.

314 2451 373 2518 32.
433 2425 614 2501 Alaudae.
646 2451 736 2498 aves
764 2426 907 2498 amicae
936 2425 1163 2499 meridianae
1191 2424 1283 2498 lucis
1316 2443 1354 2496 et

231 2533 534 2628 crepusculorum
573 2535 749 2605 tenebras
777 2534 1047 2609 horrescentes.
1080 2558 1126 2605 eo
1164 2558 1248 2604 sero
1277 2557 1353 2628 quo
1387 2564 1430 2607 20

230 2656 381 2711 sanctus
410 2640 632 2712 Franciscus
661 2639 707 2712 de
729 2641 870 2712 mundo
889 2639 1059 2712 transivit
1077 2641 1125 2711 ad
1149 2639 1350 2721 Christum,

230 2772 314 2818 curn
344 2747 415 2818 iam
447 2763 546 2817 esset
576 2747 695 2818 noctis
724 2764 922 2819 secuturae
951 2745 1220 2842 crepusculum,
1243 2772 1352 2818 vene·

231 2870 316 2924 runt
345 2878 458 2949 super
486 2870 626 2925 tectum
657 2854 800 2935 domus,
833 2869 870 2925 et
903 2852 965 2924 diu
1006 2879 1087 2925 cum
1129 2877 1268 2950 magno
1297 2877 1350 2924 ro-

230 2979 353 3031 tantes
382 2960 551 3056 strepitu,
582 2985 628 3032 an
658 2959 837 3057 gaudium
867 2985 914 3031 an
945 2959 1129 3031 tristitiam
1150 2985 1219 3031 suo
1240 2962 1352 3032 modo

230 3067 418 3161 cantando
436 3066 772 3161 mo[n]straverint‚
788 3066 1014 3163 ignoramus.
1051 3065 1203 3138 Flebilis
1218 3065 1352 3138 iubilus
1385 3099 1425 3164 25

230 3189 267 3244 et
297 3172 456 3247 iubilans
487 3173 595 3245 lletus
624 3175 824 3246 resonabat
852 3175 899 3244 ab
928 3174 993 3253 eis,
1029 3173 1108 3244 sive
1141 3175 1243 3268 quod
1264 3172 1350 3245 filio-

231 3306 311 3351 rum
342 3281 566 3377 plangerent
593 3279 803 3360 orbitatem,
827 3280 905 3351 sive
934 3279 1035 3376 quod
1055 3295 1200 3375 patrem
1221 3278 1351 3351 innue-

231 3402 313 3457 rent
332 3406 509 3461 aeternae
539 3386 680 3484 gloriae
711 3386 1036 3483 propinquantem.
1097 3386 1285 3458 Custodes
1305 3387 1352 3458 ci·

229 3494 364 3573 vitatis,
388 3495 449 3590 qui
471 3493 636 3565 sollicitis
655 3493 792 3590 vigiliis
812 3493 1073 3566 custodiebant
1096 3493 1231 3578 locum,
1247 3491 1353 3588 pleni

230 3617 384 3695 stupore
413 3601 459 3672 ad
490 3598 774 3673 admirationem
805 3618 976 3672 caeteros
1005 3598 1215 3671 invitarunt.
1388 3636 1433 3700 30

304 3824 344 3876 25.
366 3812 395 3863 nl
414 3813 601 3863 mostraverint
