3142 4875
589 336 868 417 anounuounna
1226 367 1288 417 xix

164 585 249 654 rebat
268 587 464 656 monialium
490 588 611 657 ordinis
631 590 767 658 Sanctae
784 589 895 658 Clarae
914 590 947 656 in
968 590 1075 658 vicino
1092 596 1289 657 monasterio

164 693 268 761 Sancti
293 695 430 763 loannis
454 695 496 763 de
520 697 633 764 Varr0.
650 697 686 750 (¹)
722 698 798 765 Hoc
828 719 961 764 munere
993 695 1143 786 fungens,
1176 697 1227 765 die
1258 719 1290 766 et

163 822 247 867 anuo
281 801 418 890 ignotis,
453 782 596 869 debitum
635 821 766 870 naturae
802 802 898 869 solvit
931 822 963 871 et
997 803 1119 871 ibidem
1150 801 1210 872 fuit
1241 825 1290 870 se-

164 907 278 996 pultus.

226 1015 286 1082 Ill.
307 1017 357 1082 Da
377 1017 574 1085 translatione
593 1018 723 1108 corporis
739 1018 776 1084 B.
801 1017 932 1084 Tbomae
949 1031 975 1083 ct
993 1018 1027 1084 da
1045 1018 1123 1085 cultu
1139 1019 1187 1086 illi
1199 1032 1287 1106 praa·

161 1125 235 1190 stilo.
260 1163 302 1175 -
328 1126 523 1215 Sepulcrum
548 1125 701 1193 Thomae
737 1126 903 1193 aCelano
927 1127 1076 1195 miracula
1101 1130 1170 1194 eius
1195 1130 1291 1195 inter·

162 1231 305 1298 cessione
330 1253 464 1320 operata
488 1233 667 1321 gloriosum
691 1229 833 1300 effecisse
857 1231 972 1312 ferunt,
998 1252 1029 1301 et
1053 1234 1126 1303 licet
1151 1237 1289 1302 omnino

161 1334 310 1405 deficiant
334 1338 534 1407 documenta
557 1339 759 1406 saeculorum
773 1360 830 1406 xiv
846 1359 876 1407 et
889 1361 942 1421 κν,
966 1362 1049 1428 quae
1073 1358 1184 1428 postea
1201 1362 1289 1430 gesta

160 1463 233 1510 sunt
256 1446 511 1533 quodammodo
528 1447 609 1513 hanc
628 1446 834 1515 traditionem
850 1446 1067 1528 corroborant,
1080 1448 1163 1516 sicut
1178 1470 1209 1516 et
1226 1450 1290 1517 cul-

160 1569 229 1618 tum
253 1554 348 1642 quod
372 1578 412 1620 ex
436 1574 513 1621 tunc
538 1556 637 1622 Beato
660 1554 813 1640 Thpmre
839 1554 898 1621 suit
922 1555 1099 1644 praestitus.

226 1661 378 1728 Historia
402 1664 588 1730 monasterii
613 1643 876 1730 Sancti'loannis
906 1662 944 1729 de
967 1665 1071 1729 Varro
1102 1663 1194 1730 nobis
1224 1687 1290 1730 non

160 1764 217 1833 fuit
240 1770 451 1847 transmissa;
476 1772 572 1837 unice
596 1788 723 1837 constat
747 1769 823 1837 illud
849 1770 930 1836 circa
954 1792 1030 1837 ann.
1052 1776 1136 1858 1476
1152 1773 1289 1838 omnino

159 1871 257 1942 luisse
273 1898 292 1942 a
311 1876 509 1943 monialibus
533 1876 731 1944 derelictum.
772 1876 862 1943 Talis
887 1876 1076 1943 desertionis
1096 1900 1210 1944 causae
1229 1899 1290 1943 nos

159 1978 270 2059 latent,
296 2005 375 2049 cum
399 1981 596 2076 documenta
619 1982 733 2070 quibus
758 1983 938 2068 potuissent
957 1982 1101 2063 indicari,
1125 1982 1197 2050 licet
1221 1982 1292 2049 dili·

159 2110 274 2175 genter
301 2090 529 2178 quaesiverim,
552 2090 696 2157 invenire
720 2111 787 2156 non
813 2089 908 2157 valui.
956 2089 1006 2155 Ad
1032 2113 1108 2156 ann.
1138 2095 1221 2175 1506
1252 2089 1291 2155 cl.

161 2194 374 2283 Waddingus
399 2196 477 2262 haec
500 2195 611 2262 habet:
641 2195 826 2263 «Occurrit
850 2196 1006 2262 memoria
1025 2196 1213 2264 Monasterii
1238 2219 1294 2261 ve·

163 2303 335 2370 tustissimi
359 2321 390 2368 et
414 2325 469 2389 per
499 2303 627 2390 triginta
656 2324 759 2369 annos
783 2301 951 2369 Abbatissa
982 2322 1013 2369 et
1042 2301 1210 2369 Sororibus
1243 2323 1293 2367 ca·

163 2411 265 2477 rentis
283 2409 393 2477 Sancti
418 2410 550 2478 Ioannis
567 2408 605 2477 de
622 2409 735 2491 Varr0,
755 2408 864 2498 oppidi
885 2409 1079 2491 Talliacotii,
1096 2410 1293 2476 Marsicanae

164 2516 336 2595 dioecesis,
356 2539 389 2584 et
412 2538 578 2605 propterea
602 2518 665 2584 hoc
689 2539 775 2584 anno
793 2542 810 2584 a
827 2516 985 2584 Pontifice
1011 2518 1094 2584 uniti
1118 2518 1295 2585 conventui

165 2773 274 2835 colione,
295 2769 452 2835 (Baliarium
470 2770 677 2831 Frurtcistanum,
696 2782 753 2823 tom
782 2768 897 2833 I,Bulla
915 2769 1042 2831 CDXVI,
1059 2787 1083 2840 p.
1100 2770 1173 2839 615).
1211 2769 1289 2822 Dier

166 2860 234 2912 maii
257 2871 325 2927 1259
345 2857 499 2912 Alexander
519 2857 557 2910 IV
578 2859 750 2929 permittebat
763 2858 887 2912 iratribus
901 2858 981 2912 huius
1001 2870 1150 2912 conventus
1168 2871 1196 2910 ut
1215 2858 1248 2911 de
1264 2861 1294 2911 il-

165 2948 384 3019 liciteacquisitis
394 2960 421 3001 et
432 2948 464 3000 de
475 2948 704 3019 redemptionibus
714 2961 851 3011 votorum,
859 2947 1015 3002 auctoritate
1026 2947 1161 3017 pontificia
1173 2964 1294 3000 commu·

167 3050 300 3097 rarorum,
310 3054 396 3108 usque
409 3036 442 3089 ad
455 3052 487 3106 5⁰
497 3036 588 3090 uncias
601 3039 703 3107 argenti
717 3038 838 3106 recipere
854 3036 983 3101 valerent,
998 3048 1024 3088 et
1040 3036 1083 3088 die
1100 3036 1131 3088 18
1145 3037 1208 3088 maii
1226 3035 1292 3089 1260

166 3126 340 3202 visitantibus
354 3125 497 3179 ecclesiam
510 3127 588 3179 certis
602 3127 696 3180 diebus
710 3125 892 3197 indulgentias
906 3126 1074 3179 concedebat
1093 3125 1170 3193 (Ibid
1181 3138 1249 3178 tom.
1263 3126 1296 3187 ll,

168 3215 250 3270 Bulla
270 3214 330 3279 CD,
345 3233 370 3285 p.
386 3230 445 3284 335,
464 3226 490 3269 et
509 3214 591 3275 DLX,
608 3233 633 3286 p.
651 3214 723 3287 396).
759 3217 899 3278 Attamen,
914 3215 940 3266 in
965 3215 1029 3267 nora
1046 3213 1160 3267 huiusce
1183 3214 1294 3267 ultimae

171 3305 268 3359 bullae
295 3305 429 3371 adiuncta,
454 3306 538 3359 editor
561 3305 687 3373 Bullarii,
713 3304 745 3360 cl.
764 3305 902 3368 Sbaralea,
926 3305 990 3358 dicit
1014 3305 1088 3359 hunc
1120 3304 1294 3358 Contentum

170 3394 296 3465 primitus
314 3407 389 3447 extra
408 3395 536 3464 oppidum
556 3407 742 3448 constructum
763 3392 853 3458 fuisse,
869 3408 961 3466 postea
981 3393 1140 3447 translatum
1159 3396 1236 3458 intra,
1251 3395 1295 3445 ubi

171 3501 244 3537 nunc
264 3483 389 3547 cernitur,
402 3497 427 3536 et
443 3481 532 3536 forsan
545 3484 687 3536 occasione
702 3484 857 3537 huiusmoii
874 3483 1057 3536 translationis
1072 3485 1173 3553 primae
1191 3483 1294 3536 litterae

173 3572 343 3644 apostolicae
362 3585 423 3624 sunt
442 3571 528 3625 datae.
549 3603 582 3612 -
597 3571 639 3626 Cs.
658 3571 691 3626 G.
709 3571 893 3633 Garrtuans,
913 3573 996 3625 storia
1014 3572 1041 3624 tt
1058 3573 1220 3642 ‘sagara-030
1234 3571 1296 3624 dalle

173 3663 267 3731 origini
285 3663 312 3713 ui
328 3661 414 3731 giorni
433 3662 519 3723 nostri,
540 3660 616 3715 Citra
635 3662 662 3713 di
682 3660 813 3723 Castello,
836 3661 912 3732 1894.
950 3660 1016 3714 Fere
1035 3661 1130 3713 omnia
1150 3672 1298 3730 quaesunt

173 3750 218 3804 hic
227 3748 313 3802 relata
324 3748 458 3817 ignoravit
471 3761 576 3816 auctor,
589 3750 634 3820 qui
649 3752 704 3803 iam
717 3749 820 3803 traditis
832 3766 846 3802 a
860 3749 980 3802 Febonio
994 3760 1020 3802 et
1035 3749 1198 3818 Corsignani
1212 3765 1297 3817 pauca

174 3842 251 3893 novit
270 3839 425 3891 adnectere.

245 3928 287 3996 (1)
303 3926 393 3978 Prima
405 3925 484 3978 huius
499 3926 666 3993 monasterii,
677 3926 748 3996 quod
760 3925 982 3979 Tossinianensis
998 3942 1044 3995 per
1055 3923 1203 3976 Dominam
1218 3924 1297 3976 loan-

174 4033 236 4070 nam
252 4016 286 4069 de
300 4014 451 4084 Aragonia,
469 4031 582 4068 uxorem
602 4016 740 4086 quondam
761 4015 874 4068 Ascanii
890 4014 1052 4077 Columnae,
1067 4013 1192 4066 traditum
1209 4013 1298 4079 refert,

172 4108 275 4161 mentio
295 4119 368 4160 certa
382 4106 499 4159 occurrit
520 4106 546 4158 in
557 4105 674 4176 quadam
694 4105 772 4159 Bulla
791 4107 941 4159 InnocentIi
958 4105 1004 4169 IV,
1023 4106 1084 4157 data
1107 4104 1199 4173 aiunii
1224 4119 1299 4170 1250,

173 4212 224 4267 qua
244 4193 361 4248 consulit
377 4194 526 4263 paupertati
546 4194 720 4259 monialium,
739 4194 893 4247 concedens
914 4207 942 4246 ut
961 4192 1024 4264 ipsis
1045 4192 1172 4263 applicari
1186 4194 1298 4262 possint,

173 4285 302 4357 usquead
318 4296 430 4336 centum
443 4283 523 4338 libras
537 4284 748 4354 provisinorum,
763 4284 965 4353 redemptiones
982 4296 1116 4334 votorum.
1154 4282 1297 4334 Baliarium
1324 4308 1329 4317 ·

173 4375 382 4435 frmisranam,
395 4382 463 4425 tom.
475 4370 495 4434 I,
511 4371 589 4425 Bulla
604 4371 813 4433 CCCXXVIII,
828 4391 852 4442 p.
872 4371 928 4441 548.
943 4401 977 4411 -
993 4369 1183 4421 Ronutrutus
1200 4369 1300 4421 Tosst·

175 4476 334 4524 utauensts,
353 4460 451 4513 Hister.
471 4459 570 4533 Strepit,
593 4460 662 4532 relig.
681 4459 698 4513 f.
719 4476 780 4529 277·
