3142 4875
369 1177 566 1265 Incipiunt
591 1176 778 1246 Rubricae
803 1181 838 1244 in
864 1180 1040 1265 sequenti
1061 1202 1190 1266 opere,

219 1291 287 1359 sub
317 1315 475 1380 quarum
509 1293 632 1360 titulis
666 1293 890 1360 distinctum
925 1294 1091 1361 breviter
1122 1297 1342 1362 continetur

434 1409 535 1498 quod
559 1411 595 1476 in
622 1410 691 1477 hoc
711 1433 827 1497 opere
850 1413 1033 1499 scriptum
1058 1431 1124 1478 est.

507 1660 555 1725 Da
573 1662 760 1727 conversione
785 1661 862 1727 bavari
886 1661 1049 1727 Franciscr'.

179 1808 192 1833 ἶ
219 1820 284 1888 Sub
304 1821 366 1887 boc
385 1822 477 1888 titulo
497 1822 679 1888 continetur
702 1822 835 1909 qualiter
860 1820 970 1888 beatus
996 1823 1183 1888 franciscus
1208 1842 1340 1889 vocatus

285 1926 343 1993 fuit
366 1929 471 2015 primo
496 1929 645 1994 Ioannes.
672 1929 722 1995 De
746 1930 879 1994 nornine
909 1929 1078 1995 Francisci.
1104 1928 1205 2008 Quod
1238 1947 1341 1995 mater

284 2034 486 2122 prophetavit
510 2035 549 2101 de
572 2036 653 2122 ipso.
680 2034 781 2114 Quod
806 2036 902 2101 etiam
928 2036 993 2123 ipse
1018 2036 1057 2102 de
1081 2057 1115 2100 se
1138 2038 1209 2123 ipso
1233 2033 1339 2100 futura

284 2140 448 2227 praedixit.
471 2142 521 2208 De
540 2142 691 2228 patientia
711 2162 741 2208 et
761 2141 881 2229 gaudio
901 2141 988 2229 quod
1009 2142 1041 2207 in
1061 2141 1198 2209 vinculis
1217 2143 1339 2229 positus

285 2248 405 2315 habuit.
428 2270 436 2313 1
456 2248 665 2336 paragrapho.
683 2248 779 2338 (Cap.
800 2248 848 2338 l).

146 2383 186 2427 10
218 2356 268 2422 De
289 2356 389 2422 milite
413 2377 550 2444 paupere
569 2378 666 2444 quern
688 2357 826 2423 vestivit.
849 2357 898 2421 De
918 2356 1043 2422 visione
1063 2376 1139 2422 suae
1160 2354 1338 2421 vocationis

284 2487 381 2552 quam
402 2466 434 2531 in
454 2465 582 2530 saeculo
602 2464 690 2529 vidit.
712 2486 745 2530 11.
767 2464 864 2554 (Cup.
886 2463 950 2553 H).

218 2571 366 2650 Qualiter
386 2595 461 2637 eum
481 2572 635 2638 iuvenum
656 2572 746 2637 turba
766 2591 800 2637 ut
820 2593 877 2637 eos
895 2591 1035 2658 pasceret
1054 2594 1149 2637 suurn
1167 2570 1337 2636 dominum

279 2679 398 2744 statuit.
420 2679 469 2745 De
489 2700 548 2743 sua
566 2678 718 2764 spirituali
744 2679 922 2744 mutatione
942 2700 1039 2764 quarn
1066 2696 1141 2743 tunc
1161 2679 1270 2743 sensit.
1293 2697 1338 2743 111.

284 2784 381 2874 (Cap.
402 2784 485 2874 HI).

145 2918 184 2982 15
216 2889 366 2971 Qualiter
385 2891 574 2980 pauperibus
595 2893 796 2958 vestimentis
817 2891 947 2958 indutus
972 2911 1045 2957 ante
1065 2892 1233 2957 ecclesiam
1258 2893 1338 2958 San-

284 2999 326 3065 cti
345 3000 430 3065 Petri
451 3020 524 3064 cum
546 2997 734 3085 pauperibus
755 2998 970 3064 manducavit.
994 3000 1042 3064 De
1063 2998 1224 3065 oblatione
1241 3020 1337 3086 quam

284 3105 401 3171 ibidem
422 3104 545 3172 obtulit.
567 3126 625 3171 1111.
646 3105 742 3195 (Cap.
768 3104 847 3194 IV).

218 3213 368 3293 Qualiter
385 3214 442 3280 sibi
463 3216 566 3280 oranti
587 3211 730 3279 diabolus
752 3209 921 3279 mulierem
941 3211 1092 3279 ostendit.
1113 3214 1161 3279 De
1181 3235 1337 3300 responso

283 3320 370 3409 quod
390 3320 446 3387 sibi
467 3320 555 3386 Deus
575 3319 672 3385 dedit.
695 3321 743 3386 De
763 3319 894 3406 leprosis
914 3318 989 3407 quid
1010 3316 1093 3385 fecit.
1114 3339 1144 3384 ν.
1163 3319 1259 3408 (Cup.
1279 3319 1337 3409 V).

141 3450 188 3497 20
218 3429 268 3494 De
288 3429 428 3515 imagine
448 3426 589 3494 crucifixi
606 3450 687 3515 quae
707 3426 765 3493 sibi
786 3426 894 3492 locuta
913 3424 984 3505 fuit,
1002 3445 1033 3492 et
1053 3426 1177 3491 bonore
1193 3448 1290 3513 quem
1308 3428 1335 3492 ei

282 3534 450 3622 impendit.
471 3555 513 3599 vr.
536 3534 632 3623 (Cap.
657 3532 731 3621 Vr).

217 3644 267 3709 De
286 3643 507 3730 persecutione
527 3644 621 3729 patris
641 3660 673 3707 et
693 3641 795 3706 fratris
816 3641 958 3707 carnalis.
981 3661 1036 3706 vir.
1058 3639 1155 3729 (Cup.
1179 3641 1208 3704 V
1208 3638 1274 3728 H).

217 3750 267 3815 De
286 3747 479 3815 verecundia
499 3771 595 3836 quarn
616 3750 701 3825 vicit,
722 3767 753 3814 et
777 3747 942 3835 prophetia
967 3771 1141 3835 pauperum
1162 3748 1336 3832 virginum.

283 3874 352 3920 vui.
372 3855 469 3943 (Cap.
493 3854 602 3945 Vlil).

139 3983 183 4049 25
218 3963 267 4028 De
288 3961 408 4028 cibariis
433 3963 573 4029 ostiatim
593 3963 753 4050 quaesitis.
775 3982 819 4027 rx.
841 3961 936 4051 (Cap.
960 3961 1036 4050 ll).

217 4070 266 4135 De
287 4068 542 4157 expropriatione
562 4068 663 4135 fratris
683 4068 844 4134 Bernardi.
867 4090 895 4134 x.
916 4068 1013 4157 (Cap.
1038 4067 1099 4156 X).

217 4177 268 4243 De
287 4175 496 4242 similitudine
515 4198 611 4263 quam
632 4196 741 4240 coram
766 4176 852 4261 Papa
877 4175 1070 4240 innocentio
1091 4173 1265 4261 proposuit.
1288 4173 1337 4239 De

282 4305 442 4350 consensu
463 4282 586 4349 domini
613 4283 716 4369 Papae
737 4301 767 4347 et
789 4283 912 4346 visione
932 4303 1028 4368 quarn
1055 4281 1120 4369 ipse
1143 4282 1226 4366 Papa
1246 4279 1335 4346 vidit.

283 4391 380 4481 (cap.
401 4391 478 4481 rr).
