3142 4875
569 373 673 424 BEATI
702 376 886 424 sumerset
1239 377 1285 446 33

594 485 723 493 --—.--.-.-.
736 487 784 492 .--.
795 487 849 492 .--..-
857 487 920 492 ..υ-
928 487 1016 492 -ψ-ψ..
1025 485 1211 492 --u--m
1235 489 1241 492 .
1249 487 1285 493 ...-

159 607 258 688 bilis,
289 607 379 691 vilis,
412 634 530 685 carus.
561 610 735 706 prudens,
766 609 936 707 simplex,
960 608 1126 695 clericus,
1158 610 1282 696 idiota,

159 715 281 786 laicus
313 714 350 788 in
382 715 523 813 populo
556 714 766 800 christiam,
789 715 918 813 spiritu
953 716 1026 790 Dei
1060 718 1204 801 ductus,
1227 744 1287 790 ve·

161 821 293 895 niebat
311 839 462 895 sanctae
483 823 673 920 religionis
694 823 861 896 habitum
885 841 1137 919 suscepturus.
1195 824 1287 897 Erat

159 928 278 1002 etiam
298 927 550 1003 saecularibus
569 929 656 1002 viris
681 929 728 1002 de
748 929 923 1003 omnibus
941 930 1137 1003 admiratio
1158 932 1283 1016 multa,

114 1059 129 1122 5
161 1051 201 1107 et
230 1034 448 1108 humilitatis
477 1039 690 1134 exemplum
711 1062 777 1109 cos
802 1062 1012 1134 provocans
1041 1037 1088 1109 ad
1113 1039 1286 1111 emenda·

159 1141 270 1214 tioris
297 1141 396 1215 vitae
426 1143 522 1216 viam
544 1159 581 1216 et
599 1143 868 1240 poenitentiam
889 1162 1140 1240 peccatorum.
1176 1145 1287 1218 Nulla

161 1248 390 1346 ignobilitas,
432 1249 530 1322 nulla
567 1251 797 1348 paupertatis
836 1250 1029 1323 infirmitas
1067 1250 1284 1336 obsistebat,

161 1355 254 1451 quin
283 1356 498 1429 aedificaret
517 1356 553 1429 in
573 1382 687 1454 opere
707 1357 781 1430 Dei
802 1383 896 1454 quos
915 1356 1066 1430 volebat
1084 1357 1283 1431 aedificare

161 1461 282 1542 Deus,
315 1462 376 1559 qui
406 1488 488 1536 esse
518 1489 602 1535 cum
632 1465 771 1537 mundo
800 1464 955 1537 abiectis
974 1480 1012 1537 et
1037 1491 1121 1538 curn
1151 1466 1286 1562 simpli·
1314 1485 1319 1495 ·

100 1588 134 1634 :o
162 1569 271 1641 cibus
299 1569 514 1642 delectatur.

593 1765 857 1772 ——..——.—.-..-.<

165 1988 352 2077 Quomodo
380 1988 510 2082 primo
552 1987 721 2083 regulam
753 1989 906 2083 scripsit
947 1989 1114 2059 undecim
1151 1988 1287 2060 liubans

230 2104 410 2198 fratres,·
442 2112 476 2173 et
505 2105 678 2197 quomodo
709 2103 883 2174 dominus
913 2104 1019 2198 Papa
1051 2104 1287 2175 Innocentius

243 2244 325 2290 eam
343 2217 591 2310 confirmavit,
612 2229 645 2291 ei
670 2219 713 2291 di
742 2218 883 2290 visione
901 2218 1059 2290 arboris.
1131 2218 1230 2290 ΧΙΙΙ.

247 2456 308 2525 32.
349 2429 492 2505 Videns
534 2432 666 2505 beatus
703 2431 926 2505 Franciscus
968 2432 1070 2529 quod
1113 2430 1287 2505 dominus

102 2554 134 2620 15
162 2538 272 2612 Deus
297 2538 465 2634 quotidie
482 2556 640 2636 augeret
670 2564 865 2612 numerum
885 2540 921 2612 in
942 2538 1114 2636 idipsum,
1138 2538 1286 2637 scripsit

163 2645 232 2718 sibi
254 2664 294 2717 et
314 2646 485 2718 iratribus
513 2648 598 2727 suis,
632 2645 766 2719 habitis
786 2662 824 2718 et
844 2646 983 2722 futuris,
1015 2645 1231 2743 simpliciter
1250 2664 1287 2719 et

163 2753 294 2849 paucis
314 2753 448 2839 verbis,
470 2753 567 2826 vitae
589 2753 743 2825 formam
765 2772 803 2825 et
822 2752 1002 2850 regulam,
1029 2753 1147 2826 sancti
1176 2779 1286 2826 evan·

164 2859 253 2957 gelii
275 2859 475 2956 praecipue
496 2860 729 2932 sermonibus
751 2877 867 2941 utens,
891 2862 939 2932 ad
959 2861 1063 2932 cuius
1092 2859 1285 2956 perlectio-

166 2991 250 3038 nem
272 2966 507 3039 solummodo
528 2966 703 3039 inhiabat,
727 2968 850 3039 Pauca
871 2983 995 3040 tamen
1019 2966 1091 3040 alia
1121 2966 1283 3051 inseruit,

101 3087 139 3133 20
164 3097 262 3169 quae
282 3074 435 3145 omnino
464 3074 511 3145 ad
541 3073 834 3146 conversationis
859 3092 1011 3147 sanctae
1033 3100 1138 3146 usum
1161 3099 1287 3146 neces-

165 3180 264 3252 sario
280 3178 533 3253 imminebant.
546 3180 660 3253 Venit
669 3180 827 3277 proinde
837 3181 997 3253 Romam
1013 3205 1097 3254 cum
1114 3181 1288 3253 omnibus

166 3285 274 3358 dictis
289 3286 472 3371 fratribus,
490 3287 709 3361 desiderans
725 3288 877 3359 nimium
894 3288 963 3359 sibi
979 3313 1002 3359 a
1017 3287 1169 3360 domino
1185 3290 1287 3384 Papa

165 3392 384 3465 Innocentio
411 3392 521 3466 tertio
550 3419 646 3491 quae
672 3394 872 3490 scripserat
900 3394 1123 3468 confirmari.
1194 3395 1287 3466 Erat

165 3514 253 3572 tunc
272 3500 452 3597 temporis
474 3501 617 3574 Romae
637 3500 862 3574 venerabilis
881 3500 1113 3574 Assisinatus
1133 3501 1287 3598 Episco-

236 3710 609 3780 2.populochr.]PChristo
686 3712 899 3777 31ASsanctum
976 3728 1032 3781 3-4.
1045 3711 1089 3765 AS
1100 3710 1163 3764 Erat
1176 3714 1202 3763 in
1217 3728 1289 3765 saec.

165 3788 228 3841 viris
241 3789 274 3842 de
288 3806 362 3843 omn.
377 3791 439 3843 viris
453 3792 525 3845 adm.
598 3793 807 3861 4.etiam]Het
882 3792 1112 3861 5.Hctadhurn.
1189 3788 1288 3856 5-6..u

166 3869 364 3923 emendationis
455 3872 480 3926 8.
500 3874 558 3938 As,
579 3873 622 3937 H,
643 3875 687 3938 ll,
715 3872 747 3923 W
765 3872 970 3927 aedificarentur
1037 3873 1072 3937 E,
1094 3872 1113 3924 R
1134 3871 1288 3924 inaedifica-

167 3963 257 4003 reutur
314 3950 373 4004 Rin
388 3954 461 4004 omni
476 3970 519 4024 op.
594 3971 618 4023 9.
633 3954 679 4008 ,lS
690 3972 739 4005 om.
754 3955 857 4007 mundo
908 3956 943 4007 Os
958 3952 1078 4006 abiectus
1130 3954 1210 4007 Rom.
1224 3969 1287 4005 cum

166 4044 245 4099 9-10.
260 4030 457 4101 Psupplicibus
534 4050 572 4087 11.
587 4035 632 4098 ll,
646 4035 680 4098 P,
696 4037 716 4090 R
732 4052 781 4087 om.
798 4035 886 4103 primo
943 4034 1083 4101 undecim]
1100 4034 1128 4084 lt
1141 4033 1286 4085 duodecim

170 4123 260 4179 12-13.
274 4111 297 4163 P
307 4128 357 4165 om.
374 4111 465 4166 lnnoc.
480 4130 539 4166 eam
626 4130 665 4184 ¹3·
680 4117 722 4179 ll,
739 4115 794 4178 Os,
811 4114 829 4165 R
845 4132 892 4166 om.
908 4131 968 4166 eam
1024 4129 1084 4165 eam
1102 4112 1286 4181 confirmavit]

169 4190 283 4243 Oscum
303 4196 405 4261 recepit
479 4195 520 4247 Ox
548 4195 651 4247 arboris
675 4194 701 4246 in
726 4195 831 4247 somnis
926 4210 963 4259 14.
984 4193 1011 4246 H
1030 4193 1132 4245 Videns
1151 4206 1241 4246 autem
1262 4194 1287 4244 b.

167 4268 271 4341 beatus]
294 4274 329 4326 Os
349 4272 427 4325 irater
501 4276 542 4327 Ox
565 4293 612 4327 om.
635 4276 763 4327 dominus
859 4291 897 4341 15.
919 4276 960 4327 Os
980 4291 1053 4326 num.
1073 4290 1184 4325 suorum
1205 4273 1232 4325 in
1252 4274 1277 4324 id

169 4363 207 4403 20.
228 4350 247 4402 R
269 4351 454 4405 conversionis
529 4368 569 4407 22.
589 4354 636 4408 As
656 4354 784 4406 nimirum
869 4355 953 4418 241?
972 4353 1142 4405 Assisinacus
1202 4352 1286 4414 H,R

170 4431 259 4484 Assisii
279 4445 358 4485 natus

243 4643 261 4694 3
