3142 4875
594 351 699 400 BEATl
728 352 913 401 FRnthsct
1097 371 1100 375 ’
1239 355 1315 426 203

195 584 398 658 denuntiat.
458 585 528 658 Cui
558 603 683 683 pater:
714 586 857 685 Accipe
885 587 1039 672 tunicas,
1072 587 1160 685 quia
1179 588 1215 661 in
1244 589 1317 663 hoc

194 692 329 764 missus
356 709 423 778 est,
457 708 499 763 ut
535 718 642 766 meae
679 693 890 767 necessitati
928 693 1051 769 taliter
1086 694 1312 769 subveniret.

194 798 353 879 Gratias,
385 797 514 896 inquit,
545 798 594 872 illi
623 800 685 895 qui
715 800 834 873 solum
855 802 902 875 de
923 800 1031 875 nobis
1059 799 1205 874 videtur
1232 827 1318 876 esse

193 904 381 978 sollicitus

624 1058 889 1065 -———-—-—-..-

145 1187 164 1251 5
197 1189 399 1282 [Quomodo
417 1189 597 1260 modorum
624 1214 735 1260 suum
752 1214 836 1261 cum
855 1189 962 1261 nihil
973 1192 1124 1285 fratros
1142 1189 1319 1262 looboront

273 1305 537 1399 adprandz'um
553 1304 733 1375 invitavit
745 1314 779 1376 ot
792 1316 935 1400 quanto
943 1306 986 1377 o'o
995 1305 1115 1378 subulo
1125 1306 1317 1378 Dominus

273 1420 397 1501 deoiu-
415 1429 449 1491 εί
467 1420 509 1491 do
522 1420 760 1514 providentio
779 1421 859 1492 Dei
873 1422 972 1492 circo
990 1423 1103 1516 suos}
1161 1419 1245 1492 XV.

274 1651 335 1719 44.
368 1629 673 1703 Commorantem
702 1633 855 1705 beatum
881 1632 999 1704 virum
1034 1633 1070 1704 in
1102 1632 1317 1706 eremitorio

194 1737 368 1833 quodam,
400 1735 503 1808 iuxta
532 1738 662 1819 Reate,
695 1739 861 1811 medicus
893 1764 962 1837 pro
999 1764 1087 1812 cura
1123 1739 1315 1812 oculorum

122 1878 164 1924 10
194 1842 360 1938 quotidie
387 1841 571 1915 visitabat.
630 1844 805 1938 Quadam
833 1870 924 1918 vero
953 1844 1012 1917 die
1042 1845 1136 1917 dixit
1164 1862 1315 1918 sanctus

193 1948 241 2021 ad
270 1974 377 2020 suos:
409 1948 564 2022 invitate
595 1951 779 2023 medicum
801 1967 840 2024 et
858 1953 944 2025 date
973 1950 1021 2024 illi
1046 1952 1187 2048 optime
1216 1977 1316 2025 man·

124 2143 126 2146 Ι
193 2056 341 2127 ducare.
400 2055 610 2151 Respondit
625 2057 657 2130 ei
673 2057 903 2154 guardianus
918 2058 1065 2130 dicens:
1088 2059 1207 2142 Pater,
1232 2084 1315 2129 cum

193 2163 328 2235 rubore
344 2161 511 2246 dicimus,
530 2165 827 2236 verecundamur
846 2165 966 2261 ipsum
987 2165 1153 2249 invitare,
1172 2180 1315 2236 tantum

195 2294 292 2341 nunc
325 2294 510 2366 pauperes
542 2296 680 2343 sumus.
738 2270 951 2368 Respondit
984 2287 1136 2343 sanctus
1164 2270 1311 2344 dicens:

125 2408 165 2474 15
195 2375 297 2470 Quid
313 2374 422 2449 vultis
442 2391 482 2449 ut
502 2377 634 2450 iterum
649 2375 795 2451 dicam?
850 2378 1031 2461 Medicus,
1050 2377 1111 2475 qui
1127 2378 1312 2462 adstabat,

195 2481 306 2554 dixit:
338 2482 387 2555 Et
414 2508 500 2580 ego,
532 2484 662 2558 iratres
682 2483 897 2569 charissimi,
929 2486 1122 2582 penuriam
1151 2501 1315 2558 vestram

195 2587 340 2662 delitias
368 2591 561 2686 reputabo.
620 2592 815 2664 Festinant
830 2592 985 2674 iratres,
1009 2607 1047 2665 et
1066 2618 1216 2664 omnem
1245 2591 1314 2664 cel·

194 2695 273 2769 larii
303 2695 450 2793 copiam
479 2722 630 2770 mensae
660 2697 865 2794 imponunt,
897 2698 1004 2795 panis
1032 2698 1172 2771 scilicet
1200 2699 1315 2771 modi·

195 2827 290 2885 cum,
308 2802 382 2874 vini
413 2827 486 2875 non
515 2802 682 2888 multum,
704 2820 751 2887 et,
775 2821 815 2877 ut
833 2804 968 2881 lautius
995 2805 1160 2888 ederent,
1183 2830 1315 2901 parum

122 2941 168 2988 20
195 2909 395 3006 leguminis
424 2910 584 3005 coquina
612 2911 837 2984 transmittit.
895 2912 1046 2984 interim
1079 2937 1209 2984 mensa
1241 2912 1315 2983 Dei

196 3039 388 3088 servorum
418 3042 570 3089 mensae
604 3017 837 3114 compatitur,
869 3018 1037 3114 pulsatur
1070 3020 1218 3103 ostium,
1257 3043 1316 3089 ac-

196 3122 354 3195 curritur
372 3124 551 3220 protinus‚
574 3138 612 3196 et
630 3148 720 3196 ecce
749 3122 880 3196 mulier
907 3126 1092 3220 quaedam
1113 3124 1314 3197 canistrum

195 3229 303 3300 offert
330 3229 481 3324 plenum
511 3228 639 3326 pulcro
667 3255 775 3326 pane,
793 3229 956 3327 piscibus
975 3246 1013 3304 et
1032 3230 1186 3328 pastillis
1211 3257 1314 3327 gam-

197 3359 383 3408 marorum
404 3336 589 3419 refertum,
609 3338 718 3409 melle
737 3352 775 3409 et
795 3336 875 3409 uvis
894 3338 1056 3434 desuper
1072 3337 1311 3410 cumulatum.

125 3472 165 3537 25
196 3440 369 3514 Exsultat
397 3468 602 3540 pauperum
632 3469 763 3516 mensa
790 3443 860 3516 hiis
887 3441 987 3527 visis,
1019 3460 1056 3518 et
1083 3443 1217 3517 vilibus
1238 3469 1315 3517 cra·

195 3547 293 3620 stino
321 3547 529 3632 reservatis
558 3549 721 3646 pretiosa
749 3548 861 3623 hodie
889 3567 1084 3624 sumuntur
1111 3549 1148 3622 in
1177 3551 1311 3623 cibum.

195 3654 367 3727 Medicus
395 3680 485 3727 vero
523 3656 744 3752 suspirando
781 3656 927 3730 locutus
964 3673 1020 3730 est
1057 3657 1201 3729 dicens:
1233 3657 1314 3729 Nec

194 3786 273 3842 vos,
304 3761 446 3845 iratres,
479 3761 574 3835 sicut
601 3762 757 3846 debetis,
781 3788 849 3836 nec
879 3788 947 3836 nos
975 3765 1186 3836 saeculares
1206 3761 1316 3835 huius

195 3864 262 3939 viri
291 3868 555 3966 cognoscimus
583 3866 832 3942 sanctitatemss
888 3870 1019 3944 Satiati
1049 3869 1211 3966 denique
1240 3893 1315 3942 non

125 4003 167 4068 30
196 3973 360 4059 luissent,
391 3974 460 4048 nisi
489 3974 571 4071 plus
590 4001 657 4048 eos
676 3974 894 4050 miraculum
922 4002 1035 4073 quam
1062 3976 1241 4049 ferculum
1261 4001 1316 4047 sa·

195 4080 334 4154 tiasset.
392 4080 454 4154 Sic
481 4097 660 4179 paternus
684 4080 743 4155 ille
770 4082 900 4156 oculus
934 4107 1170 4180 nequaquam
1197 4081 1316 4179 despi-

196 4185 246 4260 cit
272 4212 370 4272 su0s‚
393 4189 482 4285 quin
507 4189 631 4285 potius
660 4189 788 4262 maiori
813 4189 960 4263 delectu
986 4189 1179 4263 mendicos
1199 4189 1316 4262 maior

267 4415 290 4468 3.
308 4398 331 4453 R
350 4397 425 4452 solus
