3142 4875
273 1561 351 1607 10

272 2095 348 2160 15

264 2628 354 2675 20

268 3429 349 3496 25

270 3965 353 4031 30

1210 343 1418 390 BEATI
1476 343 1846 391 FRANclsct
2248 319 2257 326 ’
2497 341 2537 410 3
2560 342 2583 389 1
2604 343 2647 409 9

578 597 747 647 200.
812 574 1137 646 Volebat
1208 575 1352 647 hoc
1424 575 1547 648 die
1623 600 1995 672 pauperes
2056 566 2164 681 [et
2233 566 2647 681 famelicos]

413 707 458 755 a
512 681 861 754 divitibus
937 682 1268 763 saturari,
1345 673 1482 788 [et]
1543 707 1920 754 annonam
1987 701 2062 755 et
2127 683 2427 754 foenum
2486 682 2652 777 plus

412 789 629 861 solito
686 789 928 860 bobus
983 805 1059 861 et
1121 787 1350 860 asinis
1424 789 1814 886 indulgeri.
1931 788 2007 861 Si
2081 784 2391 870 locutuS,
2459 780 2645 895 [ait],

412 894 619 967 fuero
678 894 1135 990 Imperatori,
1199 894 1635 993 supplicabo
1693 897 2172 968 constitutum
2213 895 2368 968 fieri
2427 921 2652 993 gene-

412 1002 581 1086 rale,
648 1019 727 1074 ut
783 1027 1046 1074 omnes
1100 1002 1225 1097 qui
1284 1018 1599 1097 possunt
1655 1004 2023 1076 frumenta
2077 1018 2154 1074 et
2219 1027 2455 1099 grana
2519 1029 2653 1099 per

409 1108 566 1182 vias
623 1108 1033 1204 proficiant,
1100 1124 1180 1181 ut
1236 1109 1357 1181 die
1415 1125 1670 1181 tantae
1727 1108 2218 1182 solemnitatis
2263 1111 2652 1182 abundent

408 1214 763 1298 aviculae,
844 1216 1244 1313 praecipue
1331 1241 1628 1288 sorores
1710 1215 2046 1289 alaudae.
2191 1215 2651 1312 Paupercula

409 1323 649 1420 Virgo
720 1338 998 1419 quanta
1073 1322 1196 1395 illo
1253 1323 1374 1394 die
1451 1321 1667 1395 fuerit
1736 1322 2238 1396 circumventa
2314 1322 2642 1418 penuria,

410 1455 557 1501 non
617 1429 775 1502 sine
847 1430 1168 1502 lacrimis
1233 1429 1632 1502 recolebat.
1784 1429 2092 1503 Sedenti
2163 1455 2484 1526 namque
2553 1430 2650 1502 ad

407 1536 801 1633 prandium
859 1536 981 1608 die
1040 1538 1383 1632 quadam,
1450 1553 1965 1634 paupertatem
2006 1538 2273 1610 beatae
2314 1536 2649 1634 Virginis

410 1660 949 1716 commemorat
1005 1643 1306 1739 quidam
1368 1644 1610 1726 frater,
1676 1659 1753 1715 et
1810 1644 2085 1717 Christi
2136 1643 2257 1715 filii
2298 1643 2458 1716 eius
2499 1645 2651 1716 ino·

407 1751 606 1847 piam
666 1750 994 1846 replicat.
1138 1751 1481 1822 Protinus
1538 1751 1780 1847 surgit
1835 1776 1879 1823 a
1938 1775 2214 1831 mensa,
2279 1750 2650 1847 singultus

411 1857 824 1954 ingeminat
848 1857 1259 1940 dolorosoS‚
1289 1874 1364 1929 et
1395 1858 1737 1954 perfusus
1769 1856 2087 1929 lacrimis
2118 1882 2341 1954 supra
2375 1860 2649 1930 nudam

408 1963 715 2036 humum
762 1962 1126 2059 reliquum
1168 1989 1440 2060 panem
1489 1964 1912 2035 manducat.
2030 1964 2215 2036 Inde
2269 1963 2460 2036 hanc
2509 1965 2649 2037 vir-

410 2088 642 2143 tutem
705 2070 990 2167 regiam
1050 2096 1215 2142 esse
1274 2070 1593 2153 dicebat,
1642 2096 1836 2166 quae
1893 2068 1965 2142 in
2017 2096 2199 2168 rege
2258 2086 2334 2142 et
2385 2070 2649 2167 regina

410 2194 561 2249 tam
611 2192 1082 2273 praestanter
1120 2168 1482 2283 effuls[it].
1600 2178 1794 2250 Nam
1836 2194 1909 2249 et
1951 2176 2543 2249 consultantibus
2575 2178 2647 2249 in

410 2283 742 2356 conclavi
778 2284 1124 2356 fratribus
1164 2310 1357 2381 quae
1389 2287 1622 2356 virtus
1654 2285 1895 2381 magis
1936 2284 2257 2356 amicum
2299 2285 2650 2357 redderet

413 2390 731 2475 Christo,
779 2391 989 2489 quasi
1049 2409 1418 2464 secretum
1460 2389 1569 2465 sui
1631 2391 1876 2464 cordis
1925 2392 2300 2488 aperienS,
2346 2416 2648 2489 respon-

410 2498 662 2570 debat:
700 2500 1223 2594 Paupertatem
1268 2491 1691 2606 noveri[ti]s
1753 2490 1962 2605 fili[i]‚
2001 2498 2399 2596 specialem
2450 2499 2644 2571 viam

409 2605 686 2686 salutis,
749 2607 957 2678 cuius
1013 2623 1127 2678 est
1185 2607 1464 2679 fructus
1522 2604 1909 2702 multiplex
1964 2623 2041 2679 et
2106 2605 2361 2701 paucis
2429 2606 2649 2678 notis-

410 2736 659 2784 simus,

627 2963 775 3076 [De
820 2972 1185 3043 devotione
1221 2974 1327 3043 ad
1368 2972 1651 3067 Corpus
1706 2962 2090 3076 Domini}
2211 2970 2431 3042 CLII.

577 3207 746 3255 201.
795 3184 1201 3278 Flagrabat
1241 3210 1424 3281 erga
1463 3201 2011 3272 sacramentum
2053 3183 2429 3256 Dominici
2474 3183 2651 3255 Cor-

410 3290 612 3386 poris
645 3293 931 3363 fervore
961 3291 1291 3363 omnium
1325 3291 1835 3376 medullarum,
1872 3291 2155 3388 stupori
2189 3290 2652 3387 permaximo

415 3389 761 3504 [habens]
796 3398 991 3470 illam
1032 3423 1279 3471 caram
1337 3397 1851 3494 dignationem
1891 3413 1967 3470 et
2005 3397 2650 3495 dignantissimam

412 3505 869 3577 charitatem.
985 3504 1295 3576 Missam
1352 3505 1468 3577 vel
1530 3504 1823 3578 unicam
1885 3531 2031 3577 non
2092 3505 2350 3595 audire
2417 3504 2650 3597 quoti-

410 3612 551 3693 die,
598 3613 658 3683 si
715 3629 1035 3693 vacaret,
1103 3637 1248 3682 non
1310 3637 1622 3708 parvum
1680 3613 2072 3708 reputabat
2112 3626 2643 3706 contemptum.

410 3718 654 3815 Saepe
695 3718 1312 3799 communicabat,
1362 3736 1435 3790 et
1476 3736 1626 3791 tam
1684 3721 1956 3791 devote
1996 3735 2076 3789 ut
2114 3717 2298 3789 alios
2337 3717 2650 3789 devotos

410 3826 761 3898 efficeret.
889 3826 1417 3898 Reverendum
1480 3826 1677 3897 enim
1739 3824 1911 3897 illud
1974 3825 2174 3896 omni
2234 3822 2651 3896 reverentia

409 3958 894 4030 prosequenS,
977 3933 1480 4004 membrorum
1548 3931 1879 4004 omnium
1965 3931 2400 4003 sacrificium
2480 3931 2652 4003 offe-
2723 4001 2726 4004 ,

558 4169 599 4206 1.
639 4152 689 4205 A
730 4170 827 4205 om.
867 4163 920 4206 et
958 4151 1241 4205 famelicos
1372 4168 1417 4205 2.
1451 4153 1499 4205 A
1533 4170 1630 4205 om.
1667 4164 1718 4204 et
1851 4168 1896 4219 3.
1929 4154 1976 4205 A
2006 4169 2102 4205 om.
2133 4154 2206 4204 ait
2338 4166 2417 4218 13.
2455 4152 2493 4204 R
2528 4168 2649 4220 pro·

409 4233 537 4287 fusis
580 4232 815 4286 lacrimis
854 4249 1013 4301 super
1165 4249 1239 4298 ις.
1281 4233 1512 4302 regiam]
1547 4232 1596 4284 A
1636 4231 1878 4298 reginam
2053 4231 2129 4285 16.
2171 4234 2211 4286 R
2253 4230 2652 4301 praeminenter

409 4315 457 4366 A
499 4313 814 4366 effulserunt
881 4311 937 4376 P,
961 4315 1001 4367 R
1035 4311 1293 4365 effulserit
1441 4328 1523 4376 24.
1564 4312 1612 4364 A
1653 4324 1869 4379 stupore
2019 4329 2101 4381 25.
2135 4309 2363 4377 habens]
2398 4309 2445 4360 A
2476 4312 2650 4362 consi-

410 4396 604 4447 derans
