3142 4875
260 354 332 403 LXX
678 352 956 402 PROLEGOMENA

262 575 384 642 Romae
401 572 622 641 MDCCCVI.
670 571 718 637 Ex
736 573 950 660 typographia
970 594 995 638 s.
1014 573 1182 641 Michaelis
1199 574 1238 639 ad
1256 574 1385 660 Ripam,

261 680 344 768 apud
369 680 487 746 Linum
513 678 687 747 Contedini
711 679 744 767 (1
774 679 838 745 vol.
864 681 973 761 iu-12,
997 705 1049 769 pp.
1074 682 1249 769 inv-286).

330 785 516 875 Legendam
533 788 547 853 l
564 785 662 853 edidit
685 786 810 854 Rinaldi
828 786 867 853 ad
884 787 980 854 fidem
1002 788 1120 855 codicis
1137 788 1385 855 Phaleronensis

186 938 187 943 κ
261 892 342 984 (vid.
355 916 440 981 supr.
457 917 488 981 p.
506 894 602 982 avrti)
620 894 710 960 cuius
729 893 894 981 exemplar
909 916 969 960 suo
989 896 1059 962 usui
1079 892 1271 963 confecerat.
1319 897 1383 961 Au-

260 1002 386 1067 diamus
410 1022 484 1066 eum
506 998 545 1065 de
566 998 667 1065 modo
687 1002 718 1064 in
744 1000 803 1066 hac
823 1000 966 1067 editione
984 1019 1125 1066 servato:
1145 1026 1161 1062 «
1176 1002 1310 1082 Μοηεο,
1331 1001 1385 1083 ait,

262 1108 383 1196 aiquott
407 1105 565 1172 addidisse
590 1105 686 1172 verba
710 1106 888 1172 necessaria
913 1106 951 1171 ad
972 1106 1188 1193 integritatem
1209 1129 1384 1173 sensusre-

261 1212 466 1293 stituendam,
498 1235 579 1300 quae
604 1230 711 1278 tamen
738 1211 847 1279 curavi
873 1212 1051 1279 charactere
1085 1212 1193 1279 italico
1218 1211 1385 1301 distingui,

261 1338 293 1386 et
324 1319 442 1386 ansulis
475 1317 606 1400 includi3
715 1341 755 1384 ex
779 1318 937 1386 erroribus
963 1341 1041 1385 vero
1071 1321 1276 1386 amanuensis
1301 1342 1386 1386 non-

260 1426 775 1505 nullostantumemendavimus
791 1442 824 1491 ut
833 1424 1007 1511 plurimum
1017 1425 1159 1492 editione
1169 1425 1326 1506 Bolland.,

261 1532 403 1621 praefixo
427 1534 577 1600 asterisco
597 1533 624 1610 *,
649 1552 679 1599 et
702 1533 826 1599 reiectis
846 1534 877 1598 in
903 1532 967 1600 fine
987 1534 1090 1601 verbis
1115 1534 1304 1612 immutatis,
1329 1556 1384 1599 eo·

262 1662 398 1729 rumque
423 1639 759 1707 correctionibus...»
790 1640 837 1731 (p.
863 1641 937 1731 ru).

329 1746 516 1835 Legendam
551 1770 628 1815 vero
661 1749 692 1813 [l
725 1747 863 1815 edidisse
887 1749 1013 1815 videtur
1043 1750 1132 1816 iuxta
1163 1748 1384 1837 apographum

261 1855 349 1943 quod
372 1856 407 1920 P.
433 1854 579 1921 Ubaldus
597 1854 759 1921 Thebaidi
784 1877 843 1942 pro
864 1855 1009 1924 bollandi
1034 1856 1314 1923 continuatoribus
1330 1878 1385 1943 pa·

219 2002 224 2009 -
262 1980 385 2029 raserat
409 1961 593 2029 «adiunctis
612 1964 644 2027 in
665 1962 811 2049 margine
836 1962 943 2030 multis
960 1962 1239 2031 emendationibus
1253 1987 1289 2043 »3
1308 1983 1385 2028 nam

263 2069 317 2136 ubi
341 2070 380 2136 de
405 2070 653 2137 correctionibus
676 2071 709 2136 in
734 2070 877 2136 editione
901 2070 1003 2152 lactis,
1024 2089 1136 2138 monet
1152 2094 1186 2137 se
1203 2093 1255 2137 eas
1271 2068 1386 2136 fecisse

268 2198 371 2244 «usus
395 2178 481 2243 notis
505 2177 676 2263 margineis
701 2178 752 2243 cit.
777 2176 984 2257 Thebaidi»,
1003 2197 1034 2243 et
1059 2198 1136 2245 tunc
1161 2178 1305 2243 codicem
1325 2180 1385 2243 As·

261 2283 430 2349 sisiensem
454 2305 522 2349 non
545 2284 695 2368 inspexit,
721 2305 796 2349 nam
823 2306 909 2350 auno
939 2286 1033 2370 1831,
1057 2283 1096 2351 ad
1118 2284 1239 2351 calcem
1259 2283 1385 2349 alterius

263 2389 345 2471 libri,
357 2389 391 2443 (ι)
409 2387 545 2477 addebat
560 2408 622 2457 tres
640 2389 770 2478 paginas
785 2413 858 2458 cum
878 2391 939 2459 hoc
952 2391 1061 2459 titulo:
1082 2392 1111 2458 V
1110 2394 1242 2459 arinates
1257 2413 1307 2458 saa
1320 2411 1386 2457 cor·

261 2499 398 2563 rectiones
434 2497 585 2568 iaciendas
621 2499 652 2563 ia
687 2497 785 2564 altera
819 2500 895 2578 vita,
930 2523 979 2564 sea
1015 2499 1135 2586 legenda
1169 2521 1194 2565 s.
1229 2497 1387 2564 francisci

263 2628 314 2671 aa.
338 2608 421 2672 1806
445 2606 518 2694 typis
541 2606 694 2670 ceramina
717 2605 829 2673 Paratae
851 2617 905 2693 par
928 2607 1037 2671 liuram
1060 2605 1226 2686 Contedini,
1252 2616 1387 2693 exceptae

264 2733 314 2777 aa.
339 2716 418 2778 1823
442 2712 481 2777 ab
506 2711 613 2778 editore
637 2736 673 2778 ex
695 2713 789 2778 codice
818 2712 941 2778 rnembr.
966 2713 1028 2779 Ms.
1053 2715 1194 2779 Assisiea.
1218 2734 1278 2778 sae.
1306 2711 1385 2778 Con·

262 2833 364 2886 veritas
388 2822 481 2886 soracti
504 2819 668 2886 Francisci.
716 2821 792 2888 Illae
817 2822 1030 2887 correctiones
1054 2823 1144 2909 quasi
1170 2842 1284 2887 omnes
1308 2820 1384 2907 legi·

264 2927 342 2991 time
366 2946 599 3013 proponuntur,
625 2927 799 2993 nonnullae
824 2946 933 2994 tamen
953 2927 1034 2994 mihi
1056 2926 1203 2993 videntur
1222 2948 1385 2993 erroneae.

331 3033 390 3099 ΙΙΙ.
404 3033 553 3120 —Opus
567 3035 602 3099 P.
617 3034 743 3102 Riualdi
757 3035 857 3101 rarior
870 3033 1025 3102 evadebat
1038 3057 1112 3100 cum
1126 3034 1295 3100 occasione
1314 3055 1386 3121 sep·

264 3138 334 3204 timi
357 3139 475 3205 saeculi
495 3141 640 3205 exeuntis
657 3162 674 3204 a
692 3141 857 3206 nativitate
874 3141 906 3207 S.
933 3140 1105 3220 Francisci,
1128 3141 1160 3205 in
1181 3139 1386 3227 ephemeride

337 3382 378 3447 (r)
403 3381 459 3433 Vita
480 3381 505 3436 S.
525 3383 657 3435 Francisci
676 3381 703 3434 da
722 3383 816 3435 Acrisio
843 3401 857 3434 a
878 3383 967 3446 deora,
989 3384 1089 3448 Rufino,
1114 3383 1218 3452 Argeia,
1237 3384 1288 3434 cias
1306 3383 1387 3444 sociis,

264 3470 357 3540 scripta
376 3469 488 3540 dictaque
508 3470 622 3540 Legenda
651 3473 729 3523 triam
751 3471 893 3535 Sociorum,
922 3490 952 3524 et
974 3472 1027 3524 rod.
1054 3472 1219 3524 Bibliothecae
1243 3470 1387 3534 Vaticanus,

265 3575 290 3609 n.
307 3573 384 3628 7339.
423 3559 535 3621 Pisauri,
550 3578 581 3611 ex
594 3570 650 3630 typ.
666 3559 766 3624 Nobili,
786 3561 860 3620 1831.
898 3560 927 3612 ln
943 3560 995 3613 hoc
1012 3559 1080 3612 libro
1094 3557 1270 3626 tin-12,ff.2.
1284 3575 1326 3629 pp.
1340 3556 1386 3623 64)

265 3663 367 3699 nomen
388 3647 499 3701 editoris
520 3665 575 3701 non
596 3660 744 3719 comparet,
765 3649 811 3700 sed
833 3650 968 3701 monitum
985 3669 997 3697 a
1014 3649 1062 3701 Pio
1082 3648 1202 3701 lectoria
1224 3646 1388 3700 sufficienter

265 3736 367 3788 indicat
388 3736 415 3789 P.
436 3736 552 3801 Rinaldi‚
572 3737 649 3789 Plura
671 3737 781 3801 addidit,
802 3754 871 3808 quae
892 3738 920 3790 in
940 3739 1021 3791 citato
1051 3738 1158 3789 monito
1187 3746 1390 3797 enumerantur,

266 3838 389 3895 excerpta
416 3843 447 3878 ex
472 3826 566 3879 codice
589 3827 638 3895 338
663 3827 810 3879 Assisiensi
829 3844 909 3897 supra
930 3829 1020 3888 citato,
1042 3838 1067 3879 et
1097 3825 1250 3879 concludit:
1267 3844 1281 3873 cr
1295 3825 1388 3876 Finem

265 3914 407 3982 imponunt
426 3916 605 3967 correctiones
627 3915 705 3967 Vitae
726 3916 859 3968 secundae
882 3933 902 3968 s.
928 3915 1062 3968 Francisci
1084 3915 1268 3980 insert-iturae,
1288 3915 1310 3966 si
1330 3913 1389 3983 quis

265 4004 378 4057 voluerit
388 4022 448 4057 eam
459 4005 632 4057 emendatam
643 4006 738 4058 iterato
749 4007 936 4074 imprimere».
963 4005 1157 4058 Correctiones
1167 4003 1229 4056 illae
1241 4003 1304 4056 loco
1314 4019 1390 4072 prae·

266 4092 319 4145 fixo
330 4095 369 4164 (p.
387 4096 429 4160 14)
444 4110 500 4145 non
511 4094 644 4147 habentur
655 4096 700 4146 sed
721 4094 796 4148 solus
816 4096 923 4147 titulus:
940 4113 954 4143 c
967 4093 1160 4148 Correctiones
1172 4093 1244 4145 vitae
1254 4091 1390 4144 secundae

267 4183 293 4234 S.
314 4182 449 4236 Francisci
470 4186 584 4253 scriptae
605 4202 619 4236 a
639 4183 669 4238 fr.
691 4184 795 4238 Thom.
814 4185 847 4238 de
868 4184 983 4248 Celano,
1003 4201 1072 4255 quae
1098 4186 1196 4236 dicitur
1215 4194 1241 4235 et
1262 4182 1390 4251 Legenda

268 4273 396 4341 Antiqua,
415 4273 478 4324 edit.
499 4273 578 4325 Rom.
597 4290 640 4326 an.
658 4275 733 4337 1806,
744 4288 868 4344 sumptae
889 4292 920 4326 ex
940 4275 1100 4326 accuratiori
1121 4273 1267 4326 collatione
1286 4271 1390 4324 codicis

196 4411 198 4413 ,
266 4358 340 4411 arch.
351 4376 404 4413 sac.
416 4361 504 4412 Conv.
521 4361 650 4413 Assisien
662 4382 686 4413 a.
725 4362 755 4413 ln
770 4360 836 4414 folio
851 4362 1006 4415 additionali
1018 4378 1073 4414 non
1085 4374 1229 4414 numerato
1242 4363 1390 4430 impressae

267 4457 329 4498 sunt
348 4445 408 4499 illae
428 4448 561 4500 variantes
581 4465 643 4501 cum
664 4449 741 4502 titulo
760 4467 840 4518 supra
860 4450 955 4504 relato.
