3142 4875
600 348 704 397 ΒΕΑΤΙ
734 346 920 395 FRANCISCI
1269 345 1319 413 49

198 459 361 465 .——-.-.—-
371 459 391 464 -.
407 457 606 465 -—-—-⁴-
669 457 731 464 .-...

196 599 262 667 est,
294 583 446 679 dequo
475 597 581 654 tanto
614 581 744 653 dolore
773 578 916 652 afficior
945 579 1046 675 quod
1075 580 1138 651 vix
1166 605 1320 677 possum

197 688 295 763 aliud
324 690 504 788 cogitare.
573 687 875 759 Consolabantur
902 703 1029 760 autem
1058 712 1145 758 eum
1175 687 1316 771 iratres,

196 813 233 870 et
262 821 309 868 ne
337 796 390 868 sic
419 795 589 869 crederet
618 793 874 866 hortabantur.
934 793 1081 885 Quibus
1114 794 1193 890 ipse
1223 794 1320 867 dice·

196 905 278 978 bat:
312 902 413 998 Quid
434 918 491 974 est
520 902 621 998 quod
650 899 772 973 dicitis
793 899 949 972 iratres?
974 898 1160 973 Sacerdos
1179 919 1236 973 est
1257 902 1319 998 qui

151 1036 168 1100 5
196 1010 341 1083 locutus
369 1025 426 1082 est
454 1010 610 1081 verbum
639 1008 721 1086 hoc,
744 1023 929 1104 potestne·
948 1006 1093 1078 mentiri
1123 1008 1319 1080 sacerdos?

197 1117 293 1189 Cum
329 1141 423 1213 ergo
459 1116 638 1188 sacerdos·
665 1140 739 1186 non
775 1114 984 1196 mentiatur,
1019 1138 1171 1187 necesse
1207 1114 1321 1212 igitur

195 1240 252 1296 est
271 1240 311 1295 ut
331 1224 433 1320 quod
452 1224 598 1296 locutus
625 1237 684 1294 est
711 1247 841 1322 verum
871 1246 954 1292 esse
980 1220 1186 1293 credamus.
1245 1221 1321 1294 Sic·

195 1356 268 1427 que
289 1330 349 1402 diu
372 1330 408 1402 in
429 1330 499 1402 hac
518 1327 755 1425 simplicitate
775 1328 992 1424 perdurans,
1025 1329 1148 1400 verbis
1168 1331 1319 1402 tandem

195 1437 311 1534 patris
340 1436 544 1510 beatissimi
574 1433 771 1532 acquievit,
795 1434 858 1531 qui
884 1434 916 1506 ei
937 1435 1092 1506 verbum
1113 1434 1320 1512 sacerdotis

132 1568 168 1613 ιο
195 1543 371 1640 exposuit
405 1560 443 1615 et
482 1543 563 1615 eius
600 1542 846 1614 intentionem
889 1540 1076 1639 sagaciter
1114 1541 1317 1615 excusavit.

195 1650 269 1722 Vix
297 1650 406 1723 alicui
442 1650 595 1722 fratrum
631 1665 735 1723 tanta
770 1664 899 1744 posset
933 1647 1067 1738 mentis
1096 1647 1218 1721 inesse
1248 1666 1319 1721 tur·

195 1758 308 1843 batio,
339 1757 441 1854 quod
476 1757 523 1830 ad
561 1757 641 1828 eius
680 1755 839 1853 ignitum
876 1755 1065 1851 eloquium
1101 1781 1173 1828 non
1203 1756 1320 1829 disce-

193 1865 302 1938 deret
330 1889 442 1937 omne
472 1863 638 1936 nubilum
668 1862 882 1958 rediretque
911 1886 1096 1934 serenum.

625 2102 890 2110 ———-

288 2334 349 2404 De
375 2358 492 2404 curru
523 2334 627 2429 agneo
654 2342 688 2405 et
715 2334 852 2404 notitia
879 2332 1087 2403 absentium
1114 2358 1227 2428 quam

131 2458 163 2523 ¹5
375 2449 498 2523 beatus
525 2450 752 2522 Franczlvcus
780 2449 943 2521 habebar.
1004 2449 1139 2521 XVlll.

277 2685 339 2754 47.
370 2665 620 2761 Ambulantes
649 2688 775 2736 coram
797 2664 882 2735 Deo
902 2663 1117 2760 simpliciter
1137 2681 1175 2736 et
1193 2690 1319 2737 coram

196 2769 409 2843 hominibus
432 2770 681 2851 confidenter,
704 2788 921 2843 meruerunt
945 2787 1032 2842 tunc
1053 2771 1232 2867 temporis
1253 2773 1320 2843 lra-

195 2896 272 2950 tres
301 2876 426 2949 divina
455 2878 683 2950 revelatione
712 2877 914 2952 laetificari.
972 2878 1073 2949 Dum
1104 2878 1213 2961 enim,
1232 2879 1320 2976 igne

196 2983 355 3080 Spiritus
383 2983 501 3056 sancti
530 2985 712 3068 succensi,
737 3011 810 3057 non
831 2984 949 3055 solum
972 2983 1182 3057 constitutis
1207 2987 1318 3067 horis

125 3112 169 3158 zo
197 3117 325 3163 verum
354 3091 466 3164 etiam
497 3091 663 3187 qualibet
691 3093 795 3173 hora,
818 3117 901 3162 cum
931 3116 1061 3187 parum
1083 3117 1149 3164 eos
1173 3109 1322 3165 terrena

197 3197 415 3281 sollicitudo,
438 3197 497 3270 vel
518 3200 676 3270 molesta
704 3224 876 3270 curarum
906 3200 1076 3270 anxietas
1105 3216 1318 3296 occuparet,

197 3305 306 3377 Pater
334 3321 461 3377 noster
499 3304 534 3377 in
573 3305 734 3377 melodia
763 3306 914 3401 spiritus
943 3330 1035 3376 voce
1072 3307 1229 3401 supplici
1260 3309 1321 3378 de-

198 3428 399 3497 cantarent,
430 3412 668 3485 beatissimus
697 3428 805 3509 pater
834 3412 1064 3495 Franciscus,
1095 3430 1203 3485 nocte
1234 3440 1321 3510 qua-

197 3517 293 3602 dam,
324 3544 366 3590 se
394 3520 442 3592 ab
479 3518 532 3591 eis
569 3544 726 3615 corpore
755 3520 976 3591 absentavit.
1036 3520 1085 3590 Et
1113 3546 1211 3603 ecce,
1245 3523 1320 3592 lere

269 3769 293 3807 2.
309 3754 394 3824 aliud]
407 3754 465 3821 As,
480 3756 518 3820 E,
538 3757 573 3809 W
583 3755 683 3826 aliquid
733 3756 792 3819 AS,
805 3757 839 3819 E,
853 3755 888 3819 L,
904 3758 951 3820 (b,
964 3758 1005 3810 (lx
1015 3774 1062 3809 om.
1073 3770 1163 3809 autem
1214 3758 1262 3810 AS
1273 3776 1321 3812 otu.

201 3831 296 3886 fratres
371 3834 556 3902 5.R0m.h0c
632 3834 655 3888 6.
668 3836 1069 3905 igitur]Rergo;t)t,ll'om.
1137 3837 1321 3889 adverbum

198 3925 287 3966 tamen
301 3914 374 3968 tand.
448 3914 525 3984 9.W
534 3916 697 3968 sanctissimi
775 3932 814 3969 10.
828 3916 926 3980 ASAE
937 3934 985 3969 our.
1000 3916 1057 3969 eius
1135 3918 1323 3970 unsrun.

199 3992 312 4046 turbatio
407 4010 445 4049 12.
465 3996 549 4066 quod]
572 3998 620 4060 Os,
647 3995 682 4046 W
697 3996 761 4065 quin
781 4004 803 4049 et
823 4014 871 4050 om.
892 4013 947 4048 non
1051 4012 1140 4065 12-13.
1163 3997 1194 4049 ll
1211 3998 1323 4049 disceret

203 4088 240 4137 14.
257 4074 286 4126 H
293 4075 346 4128 abs.
358 4073 468 4129 fratrum
480 4093 506 4146 q.
563 4090 603 4129 20.
620 4076 727 4144 verum]
747 4077 769 4129 Ε
785 4077 831 4129 sed
872 4078 913 4130 Ox
924 4094 1012 4148 neque
1024 4077 1103 4130 etiam
1115 4077 1237 4146 qualibus
1248 4078 1323 4131 boris

199 4152 243 4206 As
258 4171 344 4226 neque
367 4156 448 4209 etiam
473 4155 609 4227 quaelibet
634 4157 803 4227 compediret
826 4173 872 4209 eos
895 4170 1001 4210 terrena
1094 4173 1136 4214 21.
1157 4159 1178 4210 R
1199 4159 1323 4211 molesta

204 4234 238 4286 W
253 4236 376 4290 modesta
449 4251 492 4291 22.
511 4237 556 4291 As
574 4238 621 4290 sed
641 4237 698 4291 Pat.
757 4254 824 4289 voce
846 4237 973 4308 supplici]
995 4240 1018 4291 E
1036 4238 1106 4291 vitae
1126 4239 1243 4308 simplici
1251 4257 1260 4299 ,·
1281 4240 1325 4292 AS

199 4313 267 4367 vitae
282 4316 436 4388 suppliciter
509 4330 550 4387 23.
568 4316 655 4387 pater]
673 4317 718 4370 AS
732 4330 842 4370 sanctus
917 4332 958 4383 24.
976 4321 1005 4371 ,tr
1020 4336 1068 4372 our.
1086 4335 1199 4391 corpore
1256 4318 1322 4387 sere]

201 4393 317 4466 Psuper

282 4607 299 4658 4
