3142 4875
253 309 328 374 402
558 308 765 358 TRACTATUS
796 311 843 357 DE
872 309 1065 358 n11RnCUL1s'

482 416 785 424 --...-—-----—-..--
999 417 1373 425 ————-——·

251 545 346 617 solet
361 541 495 615 talibus
510 541 664 613 obviare
679 539 858 624 fracturis
878 565 994 614 novas
1010 557 1047 613 et
1062 540 1284 640 multiplices
1303 543 1375 614 fra·

253 666 376 723 cturas
392 648 522 722 eflecit.
564 647 837 721 Cruciabantur
851 647 1017 721 infelices
1032 667 1217 746 parentes,
1236 666 1274 722 et
1289 650 1375 722 bor-

252 759 409 830 rendum
438 756 546 827 huius
575 753 659 828 mali
690 753 944 851 spectaculum
979 756 1183 829 convicinis
1211 773 1249 830 et
1279 756 1376 829 notis

253 864 365 936 flendi
394 863 586 935 materiam
617 860 862 940 ministrabat.
919 860 1091 935 Tentatis
1119 863 1292 936 omnibus
1321 889 1375 936 re·

254 970 461 1043 mediorum
478 968 574 1041 curis
590 985 627 1040 et
644 968 731 1040 nihil
748 968 1029 1066 proficientibus
1053 995 1229 1065 unquam,
1242 985 1375 1042 sancto
1406 1002 1422 1065 5

254 1076 454 1150 Francisco
484 1091 603 1147 mater
630 1091 668 1148 et
696 1093 803 1172 pater
836 1075 949 1148 filium
984 1076 1226 1149 devoverunt.
1286 1077 1375 1148 Por·

253 1202 375 1258 tantes
404 1207 498 1280 ergo
526 1180 626 1254 illum
655 1181 716 1254 die
745 1182 863 1255 sancti
884 1182 1071 1255 Francisci
1101 1183 1149 1255 ad
1177 1184 1374 1256 ecclesiam
1408 1209 1415 1220 ·

253 1316 320 1365 suo
341 1292 482 1363 honore
503 1304 753 1361 constructam
774 1290 874 1385 apud
896 1289 1112 1372 Velletrum,
1138 1290 1376 1386 proiecerunt

256 1400 355 1470 illum
390 1421 516 1469 coram
547 1394 709 1491 imagine
739 1395 867 1478 sancti,
900 1413 939 1468 et
966 1413 1053 1468 vota
1079 1414 1259 1470 voventes
1291 1423 1375 1469 cum

254 1504 395 1601 reliqua
431 1503 557 1598 populi
593 1499 829 1574 multitudine
865 1504 1000 1576 multas
1028 1528 1096 1600 pro
1125 1496 1173 1575 eo
1205 1502 1376 1576 lacrimas
1409 1530 1448 1576 10

254 1612 478 1685 obtulerunt.
550 1608 646 1680 Cum
676 1606 790 1706 igitur
818 1610 1055 1707 evangelium
1085 1626 1306 1690 cantaretur,
1338 1627 1376 1683 et

255 1718 341 1790 illud
371 1715 599 1814 proferretur
628 1716 728 1810 quod
758 1716 942 1789 absconsa
961 1716 1191 1813 sapientibus
1212 1716 1377 1815 parvulis

255 1826 474 1904 revelantur,
507 1821 629 1894 subito
649 1821 816 1895 lumbare
837 1821 1092 1921 confringitur,
1115 1823 1280 1898 remedia
1302 1849 1376 1896 non

254 1921 485 2028 proficientia
513 1928 773 2002 dissolvuntur.
834 1930 1040 2003 Confestim
1057 1930 1210 2004 cicatrix
1226 1931 1375 2004 obduci·

254 2056 312 2112 tur
327 2053 365 2111 et
380 2034 501 2109 omnis
529 2051 656 2132 optata
676 2036 816 2109 sanitas
831 2054 1034 2133 reparatur.
1092 2037 1152 2111 Fit
1166 2037 1215 2111 ibi
1236 2039 1377 2110 clamor
1410 2068 1457 2132 15-

255 2170 415 2244 magnus
443 2142 672 2216 laudantium
704 2142 909 2216 Dominum
939 2162 976 2216 et
1005 2143 1261 2218 venerantium
1294 2169 1375 2217 san·

255 2272 353 2325 ctum
382 2276 473 2324 elus.

341 2383 423 2430 112.
454 2357 570 2455 Apud
601 2356 792 2440 Cicanum,
825 2374 986 2432 castrum
1017 2356 1258 2455 Campaniae,
1291 2383 1376 2430 cum

255 2467 432 2540 Nicolaus
460 2463 673 2562 capellanus
694 2464 900 2539 matutinali
921 2467 1013 2539 hora
1031 2466 1228 2538 ecclesiam
1249 2464 1377 2538 introi·

255 2592 321 2657 ret,
353 2571 547 2669 repentino
576 2596 663 2643 casu
697 2588 772 2644 tam
804 2571 1063 2646 miserabiliter
1091 2573 1238 2655 corruit,
1275 2573 1376 2669 quod
1410 2602 1451 2646 20

255 2682 303 2753 ad
332 2680 508 2778 pudenda
537 2677 619 2750 loca
648 2678 822 2752 intestina
851 2679 976 2751 omnia
996 2679 1242 2754 defluxerunt.
1299 2680 1378 2752 Ac·

256 2802 406 2860 currunt
434 2784 555 2858 clerici
578 2799 615 2856 et
634 2784 770 2859 caeteri
792 2786 984 2868 convicini,
1008 2803 1046 2859 et
1064 2787 1256 2863 elevantes
1277 2812 1373 2866 eum,

255 2895 303 2967 ad
318 2892 492 2967 lectulum
509 2909 756 2988 reportarunt.
807 2893 877 2964 Per
902 2909 988 2966 octo
1007 2892 1086 2966 dies
1106 2894 1158 2966 sic
1179 2892 1377 2966 immobilis

256 3001 375 3081 iacuit,
409 3015 448 3072 ut
478 3025 545 3072 nec
574 2999 621 3072 ad
651 2998 827 3096 requisita
857 3018 1010 3073 naturae
1052 3027 1207 3099 surgere
1236 3017 1374 3098 posset.

257 3107 410 3181 Vocatis
440 3106 594 3179 medicis
623 3121 660 3177 et
688 3105 777 3178 artis
806 3132 873 3178 sue
902 3108 1093 3204 productis
1128 3106 1283 3191 auxiliis
1315 3133 1376 3179 au·
1410 3134 1448 3198 25

257 3233 366 3313 getur
394 3215 511 3297 dolor,
544 3239 612 3286 nec
641 3229 793 3286 sanatur
820 3214 887 3286 sed
917 3232 1144 3311 exageratur
1171 3212 1375 3287 infirmitas.

257 3325 399 3395 Locum
443 3319 649 3393 indebitum
683 3346 795 3416 quem
838 3323 1074 3417 repleverant
1115 3320 1378 3394 abominabilia

258 3446 423 3502 monstra
451 3453 535 3500 curn
564 3443 669 3500 tanto
698 3427 763 3499 viri
795 3427 924 3499 dolore
959 3430 1148 3510 tenebant,
1181 3430 1282 3525 quod
1312 3453 1378 3524 per

257 3554 343 3609 octo
373 3535 516 3607 dierum
539 3559 731 3606 numerum
753 3532 998 3607 miserhomo
1019 3560 1093 3607 non
1114 3551 1259 3632 poterat
1279 3560 1378 3607 man·

258 3647 405 3715 ducare.
464 3641 697 3737 Desperatus
725 3640 798 3715 iam
837 3641 958 3715 viret
992 3641 1227 3715 adiudicatus
1256 3643 1376 3727 morti,
1410 3670 1451 3735 30

257 3752 303 3823 ad
334 3748 431 3822 beati
461 3747 648 3820 Francisci
669 3774 708 3820 se
728 3749 911 3821 convertit
930 3749 1077 3822 auxilia.
1136 3749 1227 3822 Erat
1247 3749 1280 3822 ei
1306 3747 1379 3821 filia

257 3856 442 3954 quaedam
463 3854 637 3952 religiosa
658 3871 695 3927 et
715 3856 851 3928 timens
867 3857 1003 3939 Deum,
1020 3882 1132 3951 quam
1149 3881 1217 3953 pro
1236 3883 1276 3930 se
1298 3856 1379 3927 hor·

258 3981 356 4037 tatur
384 3963 500 4036 sancti
531 3960 719 4034 Francisci
748 3962 966 4059 suffragium
996 3962 1206 4059 implorare.
1291 3962 1380 4035 Exit

257 4073 304 4143 ad
335 4071 521 4141 modicum
560 4070 659 4141 foras
696 4067 767 4140 filia
805 4069 1022 4151 benedicta,
1064 4086 1101 4141 et
1137 4068 1294 4142 orationi
1325 4069 1379 4141 in-

258 4179 447 4260 cumbens,
479 4176 639 4248 lacrimis
668 4176 788 4271 plena,
820 4201 889 4273 pro
917 4191 1023 4272 patre
1051 4194 1135 4249 orat
1153 4177 1200 4249 ad
1221 4193 1377 4275 patrem.
1412 4206 1453 4270 35

258 4284 401 4379 Magna
428 4282 607 4355 orationis
639 4282 770 4354 virtus!
842 4282 976 4355 Statim
1010 4300 1120 4357 vocat
1151 4309 1235 4357 eam
1273 4298 1381 4379 pater

260 4390 380 4459 adbuc
423 4406 602 4474 orantem,
634 4407 672 4462 et
702 4389 845 4462 nuntiat
873 4390 907 4462 ei
945 4390 1123 4486 gaudium
1169 4391 1380 4487 insperatae
