3142 4875
243 345 292 417 70
639 315 811 398 Lucuunn
839 348 951 396 Pntun
1000 368 1002 370 >
1036 355 1040 364 ·

237 607 321 655 cum
350 579 469 653 tribus
501 580 686 652 fratribus.
710 577 874 675 hospitio
902 596 960 652 est
989 595 1196 675 susceptus,
1256 580 1363 652 Uxor

236 705 363 762 autem
392 687 472 760 eius
500 711 523 759 a
551 685 750 759 daemonio
778 687 995 771 vexabatur,
1021 685 1117 759 sicut
1137 702 1266 758 notum
1282 704 1362 760 erat

237 795 411 868 omnibus
446 792 739 866 inhabitantibus
774 810 911 866 terram
950 792 1062 871 illam.
1119 794 1360 890 Rogavitque

235 903 389 979 beatum
418 899 657 972 Franciscum
686 900 742 972 vir
770 900 850 973 eius
879 925 947 997 pro
970 899 1039 982 illa,
1064 899 1256 973 confidens
1276 925 1360 972 earn

137 999 140 1004 ⁵
236 1033 348 1106 posse
378 1007 493 1103 ipsius
522 1005 662 1079 meritis
680 1006 841 1080 liberari.
901 1006 977 1078 Sed
999 1007 1176 1101 quoniam
1197 1007 1360 1103 plusde·
1392 1036 1411 1101 5

238 1115 427 1188 siderabat
442 1115 478 1186 in
493 1112 730 1210 simplicitate
750 1139 818 1186 sua
837 1114 1069 1208 contemptui
1089 1113 1228 1198 haberi,
1248 1139 1360 1210 quam

238 1223 286 1294 de
297 1220 512 1294 ostensione
532 1220 737 1293 sanctitatis
751 1219 878 1292 mundi
895 1220 1003 1291 huius
1017 1219 1205 1292 favoribus
1219 1219 1357 1302 extolli,
1459 1239 1461 1242 ·

202 1387 204 1392 ,
238 1329 361 1404 lacere
391 1329 461 1400 hoc
481 1317 629 1423 penitus
657 1327 865 1399 recusabat.
923 1326 1107 1409 Tandem,
1139 1325 1226 1423 quia
1254 1327 1361 1399 Deus

239 1436 275 1507 in
305 1460 417 1508 causa
445 1449 535 1516 erat,
567 1433 817 1530 rogitantibus
852 1458 936 1505 eum
967 1432 1101 1512 multis.
1132 1433 1252 1506 victus
1280 1460 1360 1530 pre-

239 1542 344 1614 cibus
358 1539 555 1637 acquievit.
613 1538 773 1613 Vocavit
789 1565 940 1637 quoque
960 1557 1036 1612 tres
1056 1540 1187 1612 iratres
1206 1540 1269 1638 [ad
1288 1541 1356 1639 se],
1394 1566 1434 1614 ιο

239 1649 301 1745 qui
322 1663 428 1721 erant
447 1672 531 1720 cum
551 1670 607 1729 eo,
631 1664 668 1720 et
688 1647 724 1718 in
744 1645 902 1745 singulis
926 1647 1060 1718 domus
1090 1647 1185 1718 illius
1213 1647 1360 1745 angulis

184 1800 190 1813 ·
239 1753 427 1853 singulum
465 1755 615 1826 fratrem
653 1753 894 1835 constituens,
927 1754 1021 1825 dixit
1049 1755 1124 1825 eis:
1184 1753 1356 1834 Oremus‚
1427 1833 1429 1838 ,

240 1863 381 1945 fratres
413 1861 461 1933 ad
498 1860 706 1933 Dominum
733 1880 812 1959 ‘pro
852 1859 1006 1933 muliere
1042 1860 1121 1952 hac„
1155 1877 1194 1932 ut
1231 1861 1359 1957 iugum

238 1968 376 2041 diaboli
405 1969 452 2040 ab
482 1992 527 2040 ea
556 1968 721 2041 excutiat
750 1967 866 2051 DeuS,
897 1967 945 2039 ad
974 1967 1122 2039 laudem
1145 1985 1182 2039 et
1201 1968 1359 2065 gloriam

145 2097 149 2104 ’
239 2101 355 2149 suam.
414 2074 564 2146 Stemus
592 2074 804 2171 separatim,
829 2074 958 2170 inquit,
981 2075 1016 2146 in
1036 2073 1185 2172 angulis
1213 2076 1358 2159 domuS,
1396 2101 1431 2166 15

230 2172 287 2255 'ne
316 2182 466 2278 spiritus
496 2181 567 2254 iste
595 2179 780 2279 malignus
811 2205 879 2252 nos
908 2181 1051 2279 sugere,
1082 2198 1147 2254 aut
1183 2180 1359 2277 decipere
1438 2179 1441 2182 ‘

238 2289 371 2372 valeat,
403 2311 588 2384 quaerens
623 2287 841 2360 diverticula
868 2289 1104 2385 angulorum.
1163 2287 1361 2384 Completa

239 2420 391 2492 quoque
406 2394 586 2479 oratione,
608 2395 740 2468 beatus
760 2395 791 2468 F
793 2393 983 2468 ranciscus
999 2391 1034 2467 in
1055 2393 1190 2468 virtute
1210 2394 1360 2492 spiritus

239 2502 397 2576 accessit
416 2503 464 2575 ad
485 2502 688 2586 mulierem,
711 2527 808 2599 quae
829 2501 1088 2575 miserabiliter
1115 2503 1361 2599 torquebatur
1425 2490 1428 2523 ³

150 2658 152 2660 -
240 2625 277 2682 et
314 2609 499 2681 horrende
540 2609 734 2693 clamabat,
767 2626 805 2681 et
833 2610 900 2683 alt:
959 2610 1000 2681 ln
1038 2610 1189 2682 nomine
1218 2609 1359 2681 domini
1389 2634 1434 2680 20

136 2730 138 2736 '
240 2717 355 2789 nostri
385 2717 466 2788 lesu
497 2714 645 2799 Christi,
677 2741 744 2813 per
773 2715 1027 2788 obedientiam
1061 2716 1251 2813 praecipio
1280 2717 1356 2799 tibi,

239 2823 410 2907 daemon,
443 2839 483 2895 ut
512 2846 624 2895 exeas
653 2822 700 2895 ab
729 2847 783 2904 ea,
812 2848 880 2895 nec
901 2824 1042 2895 audeas
1063 2823 1180 2923 ipsam
1202 2823 1360 2920 amplius

239 2930 430 3025 impedire.
488 2929 564 3001 Vix
591 2930 707 3002 verba
736 2929 998 3026 compleverat,
1031 2946 1069 3002 et
1097 2945 1173 3002 tam
1206 2930 1360 3003 velocis·

180 3054 184 3063 ⁴
237 3035 331 3110 sime
360 3062 444 3108 cum
474 3036 598 3109 lurore
625 3052 739 3133 atque
768 3036 926 3109 stridore
957 3037 1056 3108 foras
1084 3061 1261 3132 egressus
1289 3053 1358 3118 est,

238 3142 339 3240 quod
368 3158 521 3239 propter
549 3142 709 3216 subitam
740 3143 937 3215 sanitatem
968 3141 1132 3227 mulieris
1151 3159 1284 3216 ettam
1314 3142 1360 3215 ci·
1390 3168 1430 3233 25

238 3248 419 3322 tissimam
447 3248 699 3323 obedientiam
729 3249 934 3333 daemonis,
967 3266 1118 3323 sanctus
1150 3266 1257 3347 pater
1290 3249 1359 3322 sibi

239 3372 387 3453 putaret
416 3356 494 3429 sore
514 3356 671 3429 illusum.
730 3356 941 3452 Statimque
961 3382 1045 3428 cum
1062 3358 1198 3429 rubore
1214 3357 1261 3430 de
1277 3356 1361 3429 loco

240 3461 301 3537 illo
330 3463 492 3548 recessit,
524 3463 650 3536 divina
677 3463 913 3559 providentia
932 3463 969 3534 id
988 3479 1145 3560 gerente
1166 3489 1213 3536 ne
1232 3480 1361 3560 posset

239 3571 276 3643 in
305 3569 429 3666 aliquo
458 3569 618 3643 inaniter
644 3569 807 3667 gloriari.
866 3568 976 3641 Unde
1004 3571 1143 3642 sactum
1170 3587 1236 3654 est,
1259 3573 1361 3667 quod

238 3703 321 3751 cum
351 3676 423 3751 alia
450 3678 532 3749 vice
561 3702 627 3774 per
655 3677 830 3749 eumdem
859 3678 981 3749 locum
1019 3677 1194 3765 transiret
1227 3678 1360 3750 beatus

311 3925 520 3996 1.0xreceptus
584 3925 767 3983 2.Eom.cius
838 3941 859 3992 3.
872 3926 965 3979 Osom.
977 3925 1102 3978 omnibus
1141 3926 1171 3977 ll
1180 3925 1361 3977 habitantibus

236 4022 261 4072 4.
274 4004 332 4074 illa]
348 4008 390 4072 M,
407 4006 441 4060 Os
454 4022 485 4058 ea
523 4006 594 4074 eam]
610 4007 655 4059 AS
665 4006 755 4065 illam·
772 4007 814 4059 Or
827 4007 913 4076 ipsam
988 4005 1143 4059 8.Betlac.
1181 4006 1215 4059 Os
1228 4006 1362 4058 recusavit

237 4088 280 4142 AS
290 4086 468 4156 Tandemque
481 4093 504 4138 et
514 4103 563 4137 om.
572 4085 634 4156 quia
698 4102 722 4155 9.
732 4085 794 4151 At,
808 4086 851 4149 M,
864 4087 906 4140 Or
918 4086 1077 4155 rogantibus
1142 4102 1181 4139 10.
1194 4086 1310 4157 quoque]
1327 4086 1363 4139 Os

237 4184 303 4239 ergo
350 4169 498 4222 Romtres
545 4167 566 4218 B
579 4184 627 4220 ont.
642 4166 715 4219 adse
791 4166 976 4243 15.sgam]H
987 4167 1105 4218 nominis
1119 4168 1159 4219 sui
1205 4166 1247 4228 H,
1265 4168 1362 4219 Osom.

237 4248 324 4318 inquit
399 4245 604 4301 16.0som.iste
678 4246 1013 4316 17·18.PCompletaque
1084 4262 1125 4299 22.
1138 4245 1231 4300 Osom.
1243 4246 1362 4299 daemon

239 4328 270 4381 M
278 4326 371 4379 audias
443 4327 515 4397 23.B
526 4326 727 4395 compleverant
800 4340 842 4392 24.
853 4326 883 4379 H
893 4344 943 4381 om.
958 4343 1020 4383 cum
1033 4324 1125 4379 furore
1138 4335 1160 4379 r!
1174 4327 1217 4395 leg.
1232 4339 1284 4397 atq.
1298 4343 1361 4378 curn

238 4406 285 4460 As
303 4422 351 4457 om.
371 4403 443 4458 foras
517 4420 559 4476 29.
578 4405 624 4459 As
641 4423 689 4459 om.
709 4406 736 4458 in
757 4404 849 4476 aliquo
925 4421 966 4475 30.
987 4405 1009 4458 P
1027 4405 1119 4476 aliqua
1140 4423 1165 4457 v.
