3142 4875
615 365 726 415 usxrr
754 361 949 414 rnnucrsm
1269 345 1339 431 167

973 472 1341 483 ——u————

226 759 276 831 ln
314 757 507 832 nomine
549 758 746 831 Domini
793 758 952 831 nostri
992 759 1100 831 lesu
1132 757 1340 832 Christi.

304 864 469 938 Amen.
527 865 758 940 Generali
789 866 1016 938 ministro
1044 864 1226 938 ordinis
1255 866 1343 938 sra-

305 985 429 1045 trum
457 971 717 1045 Minorum.

596 1185 739 1281 Incipit
772 1185 967 1282 Prologus.

176 1364 191 1430 5
311 1369 341 1427 1.x
372 1343 514 1418 Placuit
540 1359 693 1417 sanctae
718 1344 947 1418 universitati
985 1343 1072 1417 olim
1100 1344 1250 1442 capituli
1279 1371 1342 1444 ge·

227 1450 361 1525 neralis
376 1468 414 1524 et
431 1452 550 1537 vobis,
567 1451 878 1525 reverendissime
897 1467 1014 1547 pater,
1033 1476 1107 1524 non
1131 1451 1211 1525 sine
1226 1451 1342 1525 divini

226 1556 505 1655 dispensatione
525 1556 668 1630 consilii
695 1557 868 1654 parvitati
898 1573 1046 1631 nostrae
1071 1557 1277 1656 iniungere,
1301 1576 1342 1632 ut

225 1681 334 1763 gesta
361 1664 421 1737 vel
449 1664 561 1737 etiam
591 1663 690 1737 dicta
708 1662 862 1762 gloriosi
882 1664 997 1761 patris
1018 1664 1132 1737 nostri
1153 1665 1342 1738 Francisci

227 1797 306 1857 nos,
327 1771 463 1868 quibus
477 1796 528 1843 ex
548 1770 699 1844 assidua
728 1770 1013 1844 conversatione
1040 1769 1136 1843 illius
1155 1787 1194 1844 et
1214 1788 1343 1846 mutua
1406 1858 1409 1863 ,

154 1894 195 1939 10
225 1877 472 1952 familiaritate
491 1878 575 1975 plus
594 1874 752 1951 caeteri's
771 1877 924 1950 diutinis
951 1877 1219 1975 experimentis
1240 1877 1341 1950 inno·

225 1984 306 2071 tuit,
336 1984 385 2057 ad
422 1984 717 2057 consolationem
755 1983 1008 2081 praesentium
1041 2000 1081 2057 et
1108 2000 1344 2080 posterorum

226 2091 444 2164 memoriam
473 2090 731 2164 scriberemus.
792 2089 960 2164 Obedire
987 2107 1187 2188 propterea
1216 2090 1345 2162 iussio-

226 2197 335 2270 nibus
363 2197 511 2281 sanctis,
533 2222 628 2294 quas
656 2198 711 2270 fas
733 2222 807 2270 non
837 2212 894 2269 est
913 2197 1097 2270 ullatenus
1124 2196 1339 2294 praeterire,

226 2302 382 2401 supplici
411 2303 611 2377 devotione
640 2303 913 2387 concurrimus;
943 2303 1010 2376 sed
1038 2303 1171 2376 virium
1200 2320 1344 2377 nostra·
1418 2352 1421 2359 ·

155 2430 193 2498 15
226 2437 308 2485 rum
327 2409 559 2509 propensiori
580 2410 824 2485 meditatione
839 2409 984 2484 infirma
998 2408 1095 2483 iusto
1110 2409 1244 2485 timore
1259 2438 1344 2508 per·

226 2517 395 2603 cutimur,
427 2543 474 2591 ne
510 2533 588 2590 tam
624 2516 741 2618 digna
769 2519 935 2602 materia,
968 2543 1042 2590 non
1078 2533 1189 2614 prout
1226 2517 1345 2616 exigit

226 2639 463 2722 pertractata,
494 2625 690 2708 contrahat
718 2650 740 2698 a
769 2625 877 2698 nobis
911 2624 1013 2721 quod
1041 2623 1237 2721 displiceat
1264 2651 1344 2697 cae·

136 2795 140 2800 .
227 2731 326 2805 teris.
384 2731 490 2805 Haec
510 2731 619 2815 enim,
642 2757 739 2828 quae
759 2732 874 2804 totius
902 2730 1095 2804 suavitatis
1123 2748 1210 2804 sunt
1228 2731 1345 2829 digna
1379 2749 1384 2755 “

225 2863 371 2935 sapore,
389 2837 632 2911 lormidamus
648 2863 695 2911 ne
711 2838 999 2911 ministrantium
1021 2839 1244 2936 indignitate
1265 2839 1345 2910 red-

152 2964 196 3012 20
226 2946 362 3018 dantur
393 2944 564 3041 insipida,
590 2945 718 3042 sicque
738 2944 1032 3042 praesumptioni
1058 2943 1182 3042 potius
1210 2943 1248 3017 id
1268 2961 1345 3018 ten-

226 3068 326 3124 tasse
355 3077 468 3148 quam
496 3051 733 3125 obedientiae
770 3052 982 3147 imputetur.
1050 3052 1148 3124 Nam
1185 3049 1214 3124 si
1252 3052 1344 3124 tanti

226 3156 336 3232 huius
363 3157 501 3231 laboris
537 3157 691 3231 effectus
727 3158 1012 3232 benevolentiae
1047 3173 1204 3241 vestrae,
1235 3158 1346 3231 beate

226 3279 343 3362 pater,
366 3279 510 3337 tautum
530 3281 717 3361 spectaret
736 3290 907 3348 examen,
932 3290 1000 3338 nec
1027 3281 1128 3338 esset
1159 3266 1208 3337 ad
1236 3290 1347 3338 aures

227 3371 395 3468 publicas
423 3389 676 3468 opportunum
696 3372 856 3470 prodire,
880 3397 1113 3445 sumeremus
1133 3370 1346 3469 gratissime

153 3506 193 3571 25
227 3494 292 3551 aut
318 3479 366 3551 de
395 3477 625 3552 correctione
646 3478 864 3562 doctrinam,
888 3494 952 3552 aut
980 3479 1029 3551 de
1057 3477 1346 3576 adstipulatione

226 3583 414 3658 laetitiam.
473 3584 569 3679 Quis
588 3585 698 3671 enim,
720 3584 757 3658 in
777 3601 881 3659 tauta
907 3586 1121 3660 diversitate
1146 3587 1346 3658 verborum

225 3704 264 3764 et
291 3707 454 3777 actuum,
475 3693 582 3765 lance
610 3692 755 3765 subtilis
783 3691 965 3766 examinis
984 3694 1107 3765 valeat
1134 3691 1187 3764 sic
1213 3707 1348 3764 cuncta

226 3823 397 3895 pensare,
428 3814 468 3872 ut
496 3797 663 3872 omnium
692 3799 904 3878 auditorum
932 3798 980 3871 sit
1008 3798 1055 3870 de
1084 3796 1241 3895 siugulis
1274 3822 1348 3869 una

225 3903 435 3978 sententia?
491 3904 568 3979 Sed
583 3905 761 4003 quoniam
776 3905 943 3978 omnium
958 3920 996 3978 et
1010 3904 1244 4003 singulorum
1264 3902 1348 3976 sim-

152 4041 196 4109 30
225 4009 312 4109 plici
331 4010 458 4085 animo
486 4013 588 4086 lucra
607 4012 871 4109 conquirimus,
894 4013 1096 4098 hortamur,
1119 4026 1159 4083 ut
1182 4010 1349 4108 benigne

224 4118 518 4216 interpretentur
546 4117 609 4216 qui
637 4121 779 4218 legunt,
803 4119 930 4216 sicque
952 4116 1191 4191 referentium
1211 4116 1348 4214 simpli-

300 4350 350 4405 1-8
370 4350 408 4421 (p.
427 4349 498 4420 168).
522 4350 555 4403 M
575 4367 624 4405 om.
643 4358 666 4405 ct
689 4351 795 4421 incipit:
821 4348 955 4420 Prologus
980 4348 1146 4402 memorialis
1165 4361 1303 4418 gestorum
1323 4361 1349 4400 et

224 4428 358 4484 virtutum
378 4429 466 4483 sancti
485 4429 632 4485 Francisci.
653 4430 783 4485 Continet
801 4444 852 4487 etc.
