3142 4875
282 298 357 347 220
657 300 832 350 LEGENDA
859 299 1027 350 SECUNDA

669 407 813 416 —..--.--

424 594 492 667 De
522 593 757 692 exemplis
785 611 956 668 contra
983 593 1249 692 pecuniam.

386 755 518 848 [Dura
549 757 719 827 correctio
737 756 889 850 fromn
914 755 985 851 qui
1012 780 1092 827 eam
1119 755 1292 828 manibus

652 871 805 967 nagan.
863 869 1025 942 xxxin

358 1060 419 1147 65.
441 1056 583 1129 Verum
612 1081 849 1153 summopere
877 1055 1019 1129 amicus
1044 1054 1117 1128 Dei
1143 1071 1277 1129 cuncta
1299 1080 1397 1152 quae

277 1178 362 1234 sunt
390 1163 518 1235 mundi
547 1162 767 1260 despiciens,
799 1162 1055 1259 superomnia
1082 1179 1208 1235 tamen
1227 1188 1397 1237 exsecra·
1425 1196 1445 1260 5

276 1269 385 1341 batur
413 1270 622 1366 pecuniam.
681 1270 772 1342 lnde
801 1269 898 1342 illam
929 1294 951 1341 a
978 1269 1160 1367 principio
1193 1294 1283 1342 suae
1311 1295 1396 1342 con-

274 1376 458 1448 versionis
499 1376 700 1474 praecipue
736 1375 941 1473 vilipendit,
976 1392 1013 1449 et
1053 1392 1244 1472 tamquam
1273 1375 1395 1472 ipsum

275 1481 464 1555 diabolum
493 1508 534 1555 se
562 1481 807 1579 sequentibus
834 1507 983 1580 semper
1018 1481 1137 1555 innuit
1165 1482 1393 1580 fugiendam.

276 1588 382 1660 Haec
410 1590 458 1661 ab
487 1588 569 1686 ipso
597 1590 686 1662 data
714 1607 794 1663 erat
821 1588 972 1662 solertia
999 1589 1094 1661 suis:
1117 1588 1168 1662 Ut
1186 1606 1329 1662 stercus
1356 1606 1395 1664 et

275 1694 472 1790 pecuniam
502 1721 578 1769 uno
605 1696 744 1769 amoris
772 1696 893 1794 pretio
925 1697 1187 1793 ponderarent.
1244 1696 1395 1770 Accidit
1426 1726 1467 1772 10
1562 1731 1563 1762 ἲ

274 1801 387 1898 igitur
415 1803 476 1875 die
512 1803 675 1899 quadam
717 1820 757 1876 ot
784 1802 985 1877 saecularis
1011 1803 1163 1899 quidam
1198 1803 1392 1876 ecclesiam
1562 1817 1563 1876 l

274 1907 435 1982 Sanctae
455 1909 599 1982 Mariae
627 1911 674 1982 de
695 1909 932 1983 Portiuncula
950 1928 1121 1983 oraturus
1144 1911 1307 1993 intraret,
1329 1911 1391 2007 qui

273 2040 386 2089 causa
425 2015 624 2089 oblationis
659 2017 857 2112 pecuniam
894 2015 1067 2114 deposuit
1095 2017 1198 2089 iuxta
1230 2042 1389 2090 crucem.
1562 2015 1563 2042 ¹

272 2121 409 2215 Quam,
446 2123 508 2195 illo
536 2123 747 2206 recedente,
780 2125 892 2195 frater
920 2148 1015 2195 unus
1046 2123 1294 2221 [simpliciter]
1324 2149 1391 2198 sua

274 2254 385 2301 manu
405 2229 629 2327 contingens
648 2228 686 2302 in
707 2231 907 2302 fenestram
927 2229 1092 2326 proiecit.
1150 2231 1324 2304 Pervenit
1342 2231 1391 2303 ad
1422 2259 1461 2326 15
1562 2245 1563 2318 l

272 2351 442 2408 sanctum
462 2337 563 2431 quod
584 2336 724 2409 fecerat
753 2337 880 2419 fratem
907 2336 1182 2432 deprehensum
1201 2336 1261 2410 ille
1279 2363 1321 2411 se
1339 2338 1390 2410 vi·

271 2442 366 2515 dens
395 2443 508 2515 currit
536 2444 585 2516 ad
612 2443 771 2547 veniam,
795 2460 833 2516 et
861 2444 994 2543 hum[i]
1026 2461 1234 2542 prostratos
1265 2470 1307 2517 se
1334 2447 1390 2518 of-

271 2549 342 2621 fert
355 2550 404 2622 ad
423 2551 591 2623 verbera.
649 2551 789 2648 Arguit
809 2549 909 2623 illum
929 2568 1090 2637 sanctus
1108 2568 1146 2624 et
1164 2552 1212 2624 de
1230 2553 1390 2649 pecunia

270 2670 370 2728 tacta
389 2656 588 2729 durissime
607 2659 785 2754 increpat.
844 2658 951 2730 lubet
977 2684 1063 2730 eum
1083 2683 1148 2731 ore
1168 2659 1320 2755 proprio
1341 2659 1389 2731 de
1562 2746 1563 2763 χ

269 2762 431 2835 fenestra
450 2764 574 2837 levare
598 2765 807 2860 pecuniam,
837 2781 877 2837 et
908 2781 1013 2837 extra
1040 2782 1147 2861 septa
1175 2764 1244 2838 loci
1270 2766 1388 2863 ipsam
1417 2792 1458 2838 20
1562 2826 1563 2859 ,

269 2893 334 2945 ore
362 2895 431 2942 suo
468 2896 581 2967 super
613 2887 757 2943 stercus
785 2896 925 2969 ponere
957 2872 1153 2944 asininum.
1210 2872 1388 2968 Dumque

268 2976 399 3073 implet
428 2976 566 3049 iussum
596 2977 709 3050 frater
738 2977 797 3051 ille
826 2994 1028 3075 gratanter,
1051 2979 1162 3052 timor
1181 2978 1299 3076 replet
1326 3004 1387 3052 au·
1562 2986 1563 3077 l

268 3082 450 3155 dientium
471 3084 585 3157 corda
605 3101 835 3158 cunctorum.
889 3085 1144 3158 Contemnunt
1163 3111 1294 3159 omnes
1313 3110 1388 3158 ma·
1562 3080 1563 3173 l

265 3189 326 3286 gis
354 3190 400 3262 de
430 3207 580 3263 caetero
608 3191 660 3264 sic
689 3190 843 3265 stercori
872 3208 1138 3289 comparatum,
1160 3210 1198 3267 et
1225 3194 1273 3266 ad
1302 3217 1387 3265 con·

266 3313 449 3393 temptum
470 3296 550 3370 eius
571 3297 676 3371 novis
696 3298 878 3396 exemplis
898 3299 1064 3395 quotidie
1083 3299 1303 3372 animantur.
1414 3324 1455 3389 25
1562 3304 1563 3347 ³

381 3659 585 3758 [Vindicta
594 3662 744 3757 fratris
761 3688 827 3757 qm
839 3663 1039 3759 pecuariam
1057 3663 1271 3760 quandoque

616 3778 789 3876 collegit}
847 3777 1026 3850 XXXVI.

344 3966 404 4033 66.
445 3963 655 4059 Pergentes
693 3963 922 4059 quandoque
956 3962 1103 4036 insimul
1141 3965 1217 4037 duo
1253 3965 1383 4038 fratres

262 4067 409 4141 cuidam
446 4068 621 4166 hospitali
661 4069 893 4166 leprosorum
927 4071 1201 4167 approximant.
1258 4071 1383 4169 Repe·

337 4292 393 4329 1-2.
411 4276 442 4327 M
457 4276 586 4346 Exempla
605 4295 627 4331 c.
643 4296 669 4348 p.
686 4291 712 4331 et
728 4279 794 4331 dura
867 4294 891 4349 9.
907 4280 967 4332 data
979 4309 994 4319 -
1005 4279 1072 4349 suis]
1087 4280 1108 4334 L
1122 4298 1184 4335 cum
1198 4280 1305 4334 solertia
1321 4281 1382 4334 data

263 4357 384 4407 doctrina
461 4371 500 4408 11.
521 4356 542 4408 R
563 4372 628 4427 ergo
705 4374 744 4423 14.
764 4360 789 4412 A
805 4376 854 4413 om.
874 4359 1032 4429 simpliciter
1109 4377 1148 4431 17.
1168 4364 1192 4415 A
1211 4361 1297 4414 humo
