3142 4875
291 365 337 414 20
685 364 858 413 LEGENDA
885 364 999 413 PRIMA

1143 468 1406 479 ——-—·--—-

286 600 394 671 diens
423 596 573 671 devenit
592 598 639 669 ad
669 597 834 694 Eugubii
862 596 1060 680 civitatem,
1094 596 1156 669 ubi
1189 621 1212 667 a
1245 596 1410 692 quodam

285 706 373 779 olim
392 705 516 777 amico
529 704 610 777 eius
630 704 699 775 sibi
720 704 923 776 tuniculam
943 703 1149 800 acquisivit.
1207 704 1298 774 Post
1316 703 1410 775 haec

286 832 422 896 autem,
455 812 603 884 modico
635 827 805 908 tempore
839 812 912 884 iam
945 809 1085 907 elapso,
1122 836 1206 882 cum
1238 809 1306 882 viri
1336 809 1409 880 Dei

287 921 426 1015 ubique
445 918 544 991 lama
564 919 817 990 crebresceret
837 935 874 989 et
895 942 1031 990 nomen
1052 917 1132 989 eius
1151 916 1409 1013 divulgaretur

288 1028 325 1098 in
354 1025 511 1123 populis,
544 1023 648 1096 Prior
677 1024 891 1097 monasterii
920 1024 1134 1120 supradicti,
1151 1023 1253 1120 quod
1273 1025 1411 1095 lactum
1439 1053 1455 1117 5

289 1136 409 1206 luerat
437 1132 473 1203 in
493 1131 612 1203 virum
633 1130 706 1203 Dei
728 1131 897 1204 recolens
925 1149 963 1203 et
987 1130 1210 1228 intelligens
1241 1130 1346 1202 venit
1365 1130 1412 1201 ad

289 1266 385 1323 eum,
417 1256 455 1312 et
474 1239 523 1310 ob
543 1238 790 1310 reverentiam
820 1238 1023 1310 Salvatoris
1052 1239 1099 1310 ab
1128 1263 1175 1310 eo
1195 1235 1413 1334 suppliciter

290 1372 358 1445 pro
387 1372 427 1418 se
456 1344 608 1441 suisque
636 1345 784 1418 veniam
814 1344 1026 1442 postulavit.

377 1473 433 1543 17.
463 1452 643 1524 Humilis
656 1452 834 1524 clzarz'tas.
892 1450 1042 1524 Deinde
1056 1477 1147 1523 vero
1162 1450 1276 1525 totius
1298 1450 1414 1522 humi-

290 1560 402 1632 litatis
417 1576 568 1630 sanctus
582 1576 728 1632 amator
743 1584 783 1631 se
798 1559 984 1632 transtulit
998 1560 1046 1631 ad
1062 1559 1240 1655 leprosos,
1259 1575 1414 1654 eratque
1447 1587 1482 1632 ro

292 1693 376 1739 cum
418 1666 482 1749 εἰς,
523 1664 806 1762 diligentissime
848 1665 1014 1738 serviens
1051 1664 1223 1738 omnibus
1261 1683 1415 1762 propter

291 1775 427 1856 Deum,
450 1790 487 1844 et
516 1773 644 1846 lavans
664 1774 900 1868 putredinem
920 1798 1071 1844 omnent
1092 1775 1139 1845 ab
1158 1773 1223 1854 eis,
1248 1773 1413 1844 ulcerum

291 1880 403 1954 etiam
433 1878 575 1951 saniem
609 1881 842 1977 extergebat,
875 1880 969 1952 sicut
1002 1879 1082 1976 ipse
1116 1881 1151 1951 in
1186 1896 1414 1951 testamento

293 2014 361 2060 suo
389 1984 713 2082 loquiturdicens:
752 1986 885 2079 «Quia
914 2012 998 2059 cum
1027 2011 1149 2058 essem
1180 1985 1215 2058 in
1236 1987 1412 2081 peccatis,

301 2094 439 2166 «nimis
467 2118 633 2166 amarum
672 2092 759 2165 milri
788 2093 985 2166 videbatur
1005 2094 1139 2199 yidere
1167 2092 1348 2190 leprosos,
1379 2111 1417 2164 et
1448 2121 1484 2185 15

301 2200 514 2273 «Dominus
534 2200 712 2272 conduxit
733 2225 791 2272 me
822 2202 917 2272 inter
936 2199 1026 2282 illos,
1050 2217 1088 2272 et
1117 2199 1186 2272 leci
1207 2200 1417 2273 misericor-

302 2309 428 2380 «diam
458 2333 542 2379 cum
569 2307 680 2379 illis».
739 2309 779 2378 ln
809 2325 952 2379 tantum
983 2333 1153 2403 namque,
1186 2323 1226 2378 ut
1254 2307 1412 2390 dicebat,

294 2415 496 2511 aliquando
524 2440 652 2487 amara
684 2415 717 2486 ei
747 2415 978 2511 leprosorum
1006 2413 1100 2487 visio
1130 2414 1335 2487 exsistebat
1364 2429 1414 2499 ut,

295 2548 380 2595 cum
409 2539 578 2617 tempore
611 2522 785 2595 vanitatis
821 2548 910 2595 suae
939 2548 1006 2619 per
1038 2522 1114 2594 duo
1142 2524 1218 2594 lere
1248 2521 1417 2594 milliaria

295 2628 440 2703 eminus
461 2628 625 2725 ipsorum
645 2630 778 2701 domos
798 2629 1011 2725 respiceret,
1029 2655 1138 2702 nares
1151 2654 1238 2701 suas
1256 2630 1417 2725 propriis
1446 2652 1487 2698 20

295 2735 467 2808 manibus
495 2735 697 2809 obturaret.
734 2736 809 2808 Sed
839 2762 923 2808 cum
953 2736 1026 2808 iam
1055 2735 1176 2833 gratia
1210 2751 1248 2807 et
1278 2735 1417 2808 virtute

295 2842 477 2915 Altissimi
509 2859 636 2915 sancta
665 2859 703 2915 et
732 2843 834 2916 utilia
863 2842 1043 2939 inciperet
1071 2842 1249 2940 cogitare,
1273 2842 1308 2914 in
1338 2868 1418 2916 sae-

297 2949 409 3022 culari
438 2950 560 3023 adhuc
589 2949 715 3021 babitu
745 2950 978 3034 constitutus,
1001 2949 1188 3046 leprosum
1217 2974 1332 3021 unum
1354 2951 1417 3021 ob-

296 3058 396 3129 vium
417 3055 546 3129 habuit
565 3056 625 3129 die
646 3057 819 3151 quadam,
841 3074 879 3128 et
898 3057 1100 3153 semetipso
1116 3055 1243 3128 sortior
1262 3056 1418 3129 effectus

296 3163 454 3237 accessit
482 3179 519 3235 et
539 3162 726 3235 osculatus
746 3182 803 3235 est
823 3189 919 3236 eum.
950 3162 1099 3235 Exinde
1121 3188 1272 3259 quoque
1293 3164 1418 3260 coepit
1445 3187 1485 3252 25

297 3272 460 3366 seipsum
490 3269 612 3366 magis
641 3296 684 3341 ac
705 3269 826 3367 magis
855 3287 1105 3354 contemnere,
1137 3296 1333 3366 quousque
1355 3272 1417 3341 mi-

297 3377 498 3449 sericordia
514 3376 779 3473 Redemptoris
795 3378 841 3451 ad
853 3379 1057 3472 perlectam
1073 3378 1208 3449 suimet
1223 3377 1417 3450 victoriam

298 3483 520 3581 perveniret.
577 3483 749 3556 Aliorum
770 3484 947 3582 [quoque]
971 3510 1188 3581 pauperum,
1207 3483 1243 3555 in
1267 3486 1418 3557 saeculo

299 3616 456 3662 manens
475 3608 513 3662 et
532 3591 654 3663 adbuc
669 3592 859 3663 saeculum
880 3617 1050 3686 sequenS,
1069 3607 1149 3663 erat
1167 3592 1324 3675 adiutor,
1345 3616 1418 3664 non

298 3696 522 3770 habentibus
549 3698 747 3795 porrigens
775 3698 1051 3770 misericordiae
1076 3723 1236 3781 manum,
1264 3715 1303 3769 et
1329 3697 1419 3771 affli-
1448 3720 1488 3785 30

375 3961 395 3997 r.
416 3945 445 3996 M
460 3945 567 3996 advenit
622 3944 737 3998 Rvenit
828 3945 1037 3997 alienemus
1093 3945 1254 3999 Rtunlcam
1311 3945 1419 3997 (iriam

298 4024 441 4095 acquisivit
549 4024 695 4092 3.auren1]
719 4024 800 4077 ASa
874 4027 968 4077 Rom.
993 4024 1044 4076 Dei
1148 4039 1173 4089 4.
1196 4026 1223 4077 H
1243 4026 1298 4077 iam
1322 4027 1420 4096 ubique

303 4122 328 4157 tt
359 4103 645 4167 AS,Edilectlssime
701 4103 796 4156 Hom.
815 4104 935 4157 serviens
953 4104 1079 4155 omnibus
1156 4106 1273 4172 13.Pet
1289 4107 1421 4158 insaniem

307 4186 509 4253 ll'sanguinem
596 4200 635 4249 14.
659 4184 691 4236 M
712 4182 767 4246 Qui
850 4199 890 4236 22,
912 4184 999 4253 utilia]
1021 4185 1068 4238 AS
1084 4184 1171 4237 virilia
1230 4187 1264 4238 Os
1283 4186 1423 4256 inceperat

298 4265 352 4316 iam
427 4280 469 4329 25.
484 4264 524 4326 H,
549 4263 643 4315 l'om.
660 4279 765 4333 qnoque
839 4263 880 4317 26,
897 4265 926 4317 Η
940 4267 1114 4334 semetipsum
1170 4265 1204 4319 Os
1219 4283 1266 4317 om.
1283 4282 1316 4317 ac
1334 4268 1421 4334 magis

301 4345 343 4395 28.
368 4344 389 4395 B
412 4344 591 4412 Aliorumque
647 4344 692 4397 AS
715 4345 801 4396 Maior
825 4362 933 4414 quoque
1038 4361 1078 4415 30.
1105 4345 1153 4399 AS
1176 4349 1317 4416 porrigens
1342 4362 1422 4399 mane

301 4438 361 4473 nus.
385 4438 457 4473 man.
