3142 4875
590 370 693 418 nunu
722 370 908 418 mancum
1147 345 1152 354 '
1232 369 1311 436 429

195 477 454 486 ...ὴ-ἡ..-

189 602 299 673 arbor
334 618 374 696 et
399 625 422 672 a
450 599 635 673 radicibus
671 600 845 673 arefacta.
913 600 1038 694 Quam
1074 600 1162 672 dum
1200 603 1314 675 vellet

189 707 380 781 succidere
399 706 582 787 dominus,
606 733 652 779 ne
671 724 807 780 terram
830 707 983 779 ulterius
1002 726 1213 804 occuparet,
1238 734 1312 780 mo-

190 815 287 887 nitus
305 839 328 886 a
354 814 477 886 vicino
504 831 543 885 ut
566 839 649 887 eam
678 814 790 888 beato
819 813 1019 886 Francisco
1048 815 1307 899 committeret,

190 920 374 994 concessit
392 921 462 993 hoc
484 921 615 1016 ipsum.
674 921 771 993 Miro
792 921 905 1018 igitur
925 921 1038 993 modo
1057 938 1187 994 contra
1205 948 1311 1017 spem

140 1055 157 1119 5
188 1053 258 1100 suo
277 1045 445 1125 tempore
466 1027 585 1110 viruit,
608 1028 741 1113 floruit,
763 1028 935 1109 fronduit,
959 1028 1185 1125 fructusque,
1216 1029 1314 1101 sicut

128 1146 131 1154 '
189 1136 308 1207 fuerat
336 1151 524 1215 consueta,
557 1136 742 1231 produxit.
802 1133 912 1207 Unde
941 1151 1092 1230 propter
1119 1134 1210 1207 tanti
1247 1136 1313 1207 mi·

189 1240 301 1314 raculi
331 1242 490 1338 gratiam
520 1241 709 1314 annuatim
739 1242 880 1314 fructus
898 1242 979 1313 eius
999 1241 1172 1314 iratribus
1192 1260 1314 1315 trans-

170 1346 313 1420 mittit.

276 1477 357 1546 190.
390 1455 486 1527 Cum
515 1454 616 1551 apud
646 1453 820 1528 Villesios
849 1455 1097 1551 quorumdam
1131 1456 1313 1527 vermium

124 1586 161 1632 ιο
188 1578 295 1659 peste
322 1562 456 1634 vineae
484 1563 731 1645 laederentur,
753 1587 775 1634 a
795 1562 957 1658 quodam
977 1562 1024 1633 de
1053 1560 1184 1634 ordine
1205 1563 1313 1635 Prae-

189 1669 397 1741 dicatorum
430 1666 573 1740 incolae
611 1666 805 1741 consilium
844 1693 910 1765 pro
948 1668 1159 1740 huiusmodi
1198 1670 1314 1765 pestis

190 1774 357 1847 remedio
386 1774 582 1871 petierunt.
642 1775 716 1870 Qui
755 1801 839 1847 cum
874 1776 969 1847 duos
1001 1791 1151 1847 sanctos
1184 1778 1313 1871 quales

189 1880 327 1954 vellent
354 1882 507 1954 doceret
544 1882 694 1980 eligere,
727 1908 770 1954 ac
799 1899 900 1954 sorte
937 1908 1050 1954 unum
1087 1907 1135 1953 ex
1174 1881 1229 1955 eis
1265 1884 1312 1955 ad

190 1988 458 2060 removendum
474 2005 618 2084 pestem
636 1989 775 2061 habere
791 2007 999 2086 patronum,
1013 2005 1182 2061 sanctum
1200 1989 1313 2061 Fran·

122 2119 157 2181 15
190 2096 328 2167 ciscum
358 2112 396 2168 et
430 2111 599 2168 sanctum
635 2095 876 2169 Dominicum
919 2097 1124 2192 elegerunt.
1197 2096 1314 2169 Missa

189 2201 345 2299 proinde
374 2228 454 2273 sors
483 2201 616 2274 cecidit
644 2227 757 2299 super
785 2219 953 2275 sanctum
983 2201 1242 2281 Franciscum;
1274 2220 1313 2275 et

189 2309 236 2381 ad
265 2332 332 2380 sua
360 2308 536 2406 suffragia
564 2310 776 2382 hominibus
805 2310 998 2390 devolutis
1030 2309 1155 2380 statim
1190 2309 1313 2382 omnis

188 2413 399 2513 pestilentia
416 2415 520 2513 sugit.
579 2417 704 2513 Ipsum
720 2434 920 2514 propterea
935 2415 1085 2513 speciali
1102 2415 1311 2490 reverentia

189 2523 315 2595 colunt
343 2540 380 2595 et
409 2549 517 2596 suum
547 2522 728 2597 Ordinem
757 2524 954 2597 affectione
984 2523 1173 2618 multiplici
1199 2549 1312 2597 vene-

117 2654 159 2699 20
189 2647 325 2702 rantur.
384 2630 480 2701 Nam
497 2646 535 2702 et
549 2632 705 2729 singulis
719 2631 827 2704 annis
843 2656 910 2727 pro
927 2629 1103 2702 miraculo
1120 2631 1311 2703 vinearum

188 2736 441 2809 transmittunt
460 2736 632 2810 iratribus
653 2738 725 2810 vini
746 2739 1010 2809 eleemosinam
1031 2737 1242 2832 specialem.

274 2867 356 2933 191.
382 2843 495 2916 lnxta
524 2844 728 2918 Palentiam
758 2845 934 2917 sacerdos
962 2844 1114 2941 quidam
1138 2846 1311 2918 horreum

188 2951 351 3023 habebat
387 2951 435 3023 ad
465 2949 625 3023 triticum
659 2953 966 3031 conservandum,
1000 2953 1101 3047 quod
1130 2950 1166 3022 in
1190 2978 1313 3024 sacer·

188 3056 285 3129 dotis
304 3057 669 3153 damnum‘quolibet
689 3083 788 3130 anno
808 3059 1106 3155 gurgulionibus,
1124 3059 1314 3130 vermibus

116 3184 158 3251 25
188 3164 328 3236 scilicet
356 3163 614 3247 frumentariis,
646 3166 869 3261 replebatur.
929 3165 1101 3261 Cumque
1125 3166 1310 3247 sacerdos,

188 3287 292 3342 tanto
322 3272 564 3343 conturbatus
583 3272 791 3367 dispendi0,
816 3271 1020 3344 remedium
1041 3270 1192 3366 aliquod
1213 3273 1313 3368 cogi·

188 3392 292 3461 taret,
324 3377 436 3449 beato
466 3378 666 3451 Francisco
704 3379 989 3451 custodiendum
1020 3379 1194 3450 horreum
1225 3380 1312 3450 assi-

187 3483 327 3580 gnavit.
395 3485 483 3579 Quo
521 3486 629 3567 sacto,
662 3504 746 3581 post
784 3485 970 3559 modicum
1001 3501 1107 3556 extra
1136 3485 1311 3557 horreum

187 3616 319 3663 omnes
353 3592 575 3665 vermiculos
613 3609 867 3690 congregatos
895 3610 932 3664 et
961 3608 1128 3663 mortuos
1161 3593 1308 3687 reperit,

117 3717 158 3781 30
189 3723 256 3770 nec
286 3697 379 3772 ultra
414 3715 557 3795 pestem
587 3698 843 3772 huiuscemodi
879 3698 1059 3771 toleravit.
1126 3696 1311 3770 Sacerdos

186 3830 286 3887 ver0,
319 3831 387 3901 pro
407 3806 645 3879 exauditione
674 3807 833 3879 devotus
862 3823 899 3877 et
928 3830 995 3901 pro
1025 3805 1206 3877 beneficio
1237 3831 1309 3877 non

188 3912 365 4009 ingratus,
397 3911 514 3987 sancti
544 3912 730 3986 Francisci
764 3939 892 3986 amore
921 3913 1076 4010 praebet
1109 3912 1156 3984 de
1190 3910 1311 3985 tritico

187 4019 414 4115 pauperibus
442 4045 603 4093 annuam
632 4023 864 4117 pensionem.

273 4149 354 4217 192.
385 4127 638 4222 Temporibus
667 4127 745 4213 illis,
777 4128 929 4224 quando
949 4129 1146 4199 brucorum
1178 4125 1312 4198 odiosa

116 4251 154 4315 35
185 4231 300 4327 pestis
320 4259 477 4330 regnum
497 4235 659 4330 Apuliae
680 4235 898 4316 devastavit,
921 4232 1094 4305 dominus
1114 4231 1305 4305 cuiusdam

184 4338 303 4422 castri,
322 4339 422 4435 quod
438 4340 572 4413 dicitur
591 4339 809 4426 Petramala,
827 4343 938 4414 beato
955 4340 1154 4413 Francisco
1170 4357 1307 4412 terram

184 4471 288 4518 suam
303 4447 519 4543 suppliciter
533 4448 818 4521 commendavit.
869 4449 977 4542 Quae
994 4446 1134 4518 meritis
1149 4446 1265 4518 sancti
1283 4473 1305 4518 a
