3142 4875
637 337 744 386 nunti
771 336 958 386 rnnttctsct
1308 315 1357 405 85

229 447 609 455 ...ψ’-ῃ.
630 446 767 455 -----

233 567 356 666 nigra,
401 567 486 665 pilis
530 593 605 640 non
646 567 756 664 plene
800 593 982 664 respersa,
1029 567 1163 641 collum
1209 568 1355 655 subtile,

233 675 383 748 humeri
413 674 514 758 recti,
546 674 674 748 brevia
702 675 864 759 brachia,
907 690 1040 748 tenues
1076 702 1218 761 manuS,
1249 676 1358 773 digiti

233 781 351 879 longi,
384 807 531 878 ungues
552 781 734 878 producti,
757 807 865 854 crura
883 781 1042 867 subtilia,
1063 782 1206 879 parvuli
1226 784 1356 880 pedes

235 887 359 960 tenuis
388 887 492 971 cutis,
525 914 612 961 caro
638 887 875 985 paucissima,
905 913 1039 985 aspera
1056 888 1181 972 vestis,
1204 915 1359 963 somnus
1422 924 1457 962 .’

184 1004 203 1067 5
235 994 487 1078 brevissimus,
511 1020 643 1067 manus
669 993 889 1092 largissima.
947 991 996 1067 Et
1015 995 1103 1092 quia
1122 995 1359 1074 eratdtumil-

236 1099 347 1173 limus
366 1126 516 1174 omnem
538 1101 862 1174 mansuetudinem
883 1103 1108 1175 ostendebat
1144 1103 1192 1175 ad
1225 1128 1358 1176 omnes

235 1206 418 1294 homines,
449 1208 615 1280 omnium
654 1208 820 1280 moribus
856 1208 994 1281 utiliter
1029 1234 1070 1281 se
1106 1209 1375 1283 conformans.r

235 1313 407 1409 Sanctior
436 1314 532 1386 inter
559 1333 719 1402 sanctos,
751 1315 847 1386 inter
874 1332 1093 1412 peccatores
1125 1316 1231 1412 quasi
1262 1342 1358 1389 unus

234 1446 283 1493 ex
313 1420 392 1494 illis.
450 1421 602 1494 Adiuva
630 1446 724 1519 ergo
743 1436 973 1517 peccatores,
997 1438 1237 1518 peccatorum
1257 1448 1357 1497 ama·

147 1535 202 1581 '¹0
233 1543 303 1649 tor,
335 1543 459 1623 pater
469 1526 713 1611 sanctissime,
745 1543 783 1600 et
812 1554 907 1624 quos
940 1529 1061 1601 cernis
1098 1529 1358 1603 miserabiliter

233 1634 271 1706 in
299 1633 519 1718 delictorum
548 1633 759 1707 sordibus
750 1659 883 1712 tacere
914 1632 1083 1744 dignare,
1115 1662 1354 1733 quaesumus,

232 1739 580 1814 misericordissime
595 1741 667 1813 tuis
683 1717 1156 1840 gloriosissimissufsragiis
1174 1742 1354 1818 relevare.

660 1953 925 1962 ———-——

230 2132 292 2203 De
296 2132 492 2227 praesepio
505 2133 604 2227 quod
602 2134 700 2228 fecit
715 2134 755 2204 in
771 2134 832 2206 dz'e
846 2133 989 2205 natalz‘s
1003 2133 1175 2205 Domini.
1225 2133 1354 2204 XXX.

315 2343 375 2433 84.
413 2341 569 2415 Summa
610 2342 691 2416 eius
726 2343 893 2428 intenti0,
933 2343 1175 2441 praecipuum
1208 2343 1354 2426 deside·

160 2479 200 2543 ¹5
231 2449 337 2534 rium,
369 2475 660 2547 supremumque
688 2450 923 2548 propositum
961 2452 1042 2524 eius
1075 2465 1156 2524 erat
1183 2469 1353 2526 sanctum

230 2556 468 2654 evangelium
499 2557 535 2629 in
564 2557 737 2630 omnibus
765 2575 804 2630 et
831 2584 899 2655 per
927 2559 1052 2630 omnia
1075 2559 1287 2643 observare,
1309 2584 1353 2632 ac

229 2663 395 2761 perfecte
415 2664 517 2736 omni
537 2663 740 2761 uigilantia,
762 2665 863 2736 omni
893 2665 1027 2751 studi0,
1058 2681 1138 2737 toto
1166 2664 1353 2738 desiderio
1454 2728 1468 2747 ,

230 2768 377 2854 mentis,
392 2784 480 2841 'toto
500 2771 624 2843 cordis
642 2773 799 2856 fervore,
818 2771 959 2845 domini
981 2771 1095 2844 nostri
1113 2772 1196 2844 lesu
1213 2771 1352 2844 Christi

229 2877 439 2950 doctrinam
468 2877 573 2972 sequi
602 2893 641 2950 et
667 2878 829 2975 vestigia
858 2877 1003 2951 imitari.
1067 2876 1355 2952 Recordabatur
1431 2938 1442 2955 .

153 3009 199 3057 20
228 2983 380 3057 assidua
408 2982 651 3057 meditatione
688 2985 889 3057 verborum
922 2986 1013 3067 eius,
1043 3002 1082 3057 et
1109 2985 1359 3083 sagacissima

230 3089 529 3163 consideratione
570 3090 686 3187 ipsius
727 3116 843 3188 opera
884 3091 1083 3165 recolebat.
1150 3092 1354 3188 Praecipue

230 3195 495 3270 incarnationis
524 3197 711 3271 humilitas
739 3213 777 3271 et
806 3198 967 3272 charitas
995 3198 1180 3297 passionis
1203 3199 1253 3272 ita
1272 3198 1353 3271 eius

231 3303 450 3376 memoriam
479 3305 714 3400 occupabant
743 3321 783 3377 ut
810 3305 873 3377 vix
902 3306 1015 3379 vellet
1042 3305 1142 3377 aliud
1171 3304 1349 3402 cogitare.
1450 3327 1455 3335 ·

230 3410 518 3483 Memorandum
554 3411 713 3507 proinde
749 3437 794 3484 ac
831 3412 1015 3486 reverenti
1044 3412 1223 3483 memoria
1251 3436 1352 3484 reco-

153 3542 199 3609 25
229 3517 382 3593 lendum
411 3517 513 3613 quod
541 3518 651 3590 tertio
687 3543 788 3590 anno
825 3536 913 3619 ante
949 3517 1102 3617 gloriosi
1137 3518 1261 3590 obitus
1296 3518 1351 3591 sui

304 3770 326 3821 5.
345 3755 441 3807 Hom
460 3768 517 3808 erat
589 3753 613 3808 6
629 3755 660 3807 H
676 3772 724 3808 orn.
745 3756 906 3808 ostendebat
979 3770 1003 3821 7
1025 3756 1060 3809 Os
1078 3754 1203 3807 omnibus
1222 3772 1250 3807 se
1272 3755 1352 3806 mori-

201 3834 279 3885 'bus
290 3832 462 3887 conformans
500 3836 579 3890 Rom.
591 3834 688 3887 utiliter
748 3836 915 3906 8·..905om
927 3835 1029 3905 quasi·
1041 3848 1197 3925 peccatores
1258 3834 1352 3903 9Α3.

229 3913 273 3977 Η,
285 3912 322 3978 L,
338 3915 373 3978 R,
394 3914 443 3966 W
435 3928 516 3985 igitur
591 3930 631 3969 10.
647 3915 748 3969 Oxum
763 3926 840 3985 pater
917 3931 954 3967 tt.
970 3916 1011 3978 ll,
1028 3916 1062 3968 Os
1076 3932 1124 3967 ont.
1143 3915 1171 3966 in
1191 3913 1352 3967 delictorum

234 3992 291 4047 W·
285 4007 508 4063 inpeccatorum
557 3994 588 4046 H
604 4011 653 4048 om.
673 3994 833 4048 delictorum
878 3995 1077 4048 Ossubiacere
1128 3994 1219 4055 1305
1238 4010 1352 4064 quaesu
1423 3988 1424 3991 '

229 4086 308 4135 ntus,·
328 4090 395 4126 omn.
414 4074 447 4127 al.
467 4073 534 4128 codd.
555 4080 675 4144 quaeso;
695 4075 741 4129 AS
758 4091 807 4128 om.
827 4082 848 4127 et
867 4074 911 4146 leg.
930 4090 978 4126 eos
1056 4088 1093 4126 ta.
1113 4073 1142 4124 H
1160 4072 1288 4141 gloriosis
1303 4071 1353 4126 suf.

229 4151 373 4206 sublevare
451 4169 489 4219 14.
510 4154 554 4208 As
571 4154 691 4207 eiusdem
749 4153 936 4225 praecipuum]
958 4152 987 4206 H
1004 4170 1167 4223 pauperum,-
1189 4155 1217 4205 ll
1236 4153 1352 4223 pretium

232 4231 434 4302 Rpr.eiusdes.
512 4228 550 4287 16.
563 4235 629 4287 Min
641 4234 717 4287 omni
793 4249 831 4303 17.
845 4234 879 4287 Os
892 4252 939 4286 om.
954 4232 1030 4285 omui
1044 4231 1183 4298 vigilantia
1257 4248 1299 4286 20.
1312 4233 1354 4286 Ox

230 4311 345 4365 verbum
413 4311 940 4384 21.·cousideratione]Ormeditatione
1008 4312 1107 4381 23.As
1125 4310 1229 4365 valeret
1266 4313 1354 4366 Hex-

231 4389 352 4460 cogitare
424 4407 464 4462 25.
487 4394 529 4448 Ox
548 4393 737 4464 gloriosissimi

977 4550 1004 4585 d
