3142 4875
593 331 698 399 uitari
726 350 912 399 runucrscr
1236 329 1309 420 385

192 582 355 655 tumidus
384 583 503 657 sactus
532 583 633 677 quod
670 581 767 654 nulla
801 584 922 679 potuit
958 583 1142 657 medicina
1180 588 1311 663 curari.

194 690 317 783 Quem
347 704 467 763 mater
489 707 620 762 sancto
640 690 841 762 Francisco
861 690 1022 773 devovit,
1054 708 1092 763 et
1120 691 1243 764 statim
1264 694 1311 765 ab

191 821 239 870 eo
267 797 432 893 suscepit
460 796 699 869 commodum
728 796 911 875 sanitatis.
1274 863 1277 867 Α

272 905 332 974 80.
364 904 404 975 In
434 904 566 976 eadem
597 902 744 976 civitate
774 905 906 976 mulier
934 904 1118 999 quaedam
1139 931 1205 1001 per
1225 922 1311 978 octo

143 1040 159 1104 5
192 1034 312 1083 annos
341 1036 492 1082 manum
522 1010 652 1083 habuit
670 1010 907 1095 desiccatam,
932 1010 980 1082 nil
1001 1037 1083 1083 cum
1114 1036 1159 1084 ea
1187 1013 1312 1109 operis

193 1117 314 1189 iacere
342 1118 482 1189 valens.
546 1116 615 1189 Cui
637 1119 769 1190 beatus
790 1117 1010 1190 Franciscus
1030 1118 1066 1189 in
1087 1118 1229 1191 visione
1249 1145 1311 1216 ap-

191 1224 323 1319 paruit,
355 1241 393 1296 et
422 1250 573 1297 manum
601 1224 682 1296 eius
701 1225 920 1308 extendens,
953 1224 989 1296 in
1018 1226 1224 1299 laborando
1253 1251 1310 1299 re-

189 1329 313 1427 liquae
341 1330 576 1428 adaequavit.

618 1538 881 1546 -——-———--—-

443 1744 503 1814 De
530 1743 734 1838 naufragis
763 1741 942 1814 liberatis.
1001 1742 1048 1814 X.

121 1984 161 2030 10
271 1957 332 2027 81.
364 1956 403 2027 ln
434 1979 573 2052 magno
594 1954 706 2027 maris
725 1953 890 2050 periculo
914 1956 1024 2052 positi
1050 1956 1201 2053 quidam
1223 1984 1307 2032 nau·

189 2081 259 2144 tae,
292 2088 376 2135 cum
405 2087 472 2158 per
501 2059 668 2133 milliaria
688 2062 819 2134 decem
841 2080 991 2159 aportu
1018 2063 1229 2138 Barelitano
1257 2067 1309 2139 di-

189 2185 340 2250 starent,
377 2170 664 2266 ingravescente
698 2167 850 2240 nimium
884 2184 1119 2266 tempestate,
1154 2172 1227 2244 iam
1260 2174 1308 2246 de

187 2276 263 2350 vita
284 2275 384 2348 dubii
404 2299 562 2348 ancoras
581 2275 844 2347 submiserunt.
916 2274 1057 2350 Veru'm
1077 2276 1205 2373 spiritu
1227 2306 1308 2375 pro-

188 2382 364 2458 cellarum
385 2382 476 2457 mari
501 2381 702 2455 ferventius
730 2397 973 2467 tumescente,
1005 2383 1130 2458 stactis
1159 2386 1308 2461 funibus

120 2519 155 2584 15
188 2508 227 2565 et
254 2490 390 2564 relictis
409 2489 566 2571 ancoris,
593 2489 736 2563 incerto
755 2506 793 2562 et
812 2490 995 2588 inaequali
1026 2508 1133 2564 cursu
1163 2520 1231 2590 per
1249 2521 1308 2569 ae·

189 2624 306 2695 quora
334 2598 578 2694 vagabantur.
636 2596 809 2670 Tandem
840 2614 929 2671 nutu
959 2598 1085 2671 divino
1114 2600 1204 2673 mari
1233 2602 1308 2698 pla·

189 2721 283 2787 cato,
305 2705 354 2778 ad
374 2704 617 2777 resumendas
642 2728 811 2788 ancoras,
843 2731 997 2802 quarum
1019 2721 1118 2779 sarta
1137 2710 1307 2804 superius

188 2813 400 2894 enatabant,
431 2828 512 2884 toto
540 2836 581 2883 se
611 2811 807 2883 conamine
836 2828 1072 2909 paraverunt.
1140 2814 1306 2890 Tentant

189 2919 345 3016 proinde
359 2919 448 2991 totis
462 2918 601 2990 viribus
615 2914 785 2992 laborare
805 2945 874 3016 pro
893 2920 1039 2993 ancoris
1054 2923 1305 3001 extrahendis.

118 3053 160 3100 zo
189 3026 367 3099 Omnium
397 3041 610 3098 sanctorum
639 3024 812 3099 invocato
841 3022 1007 3100 subsidio
1027 3045 1065 3099 et
1085 3029 1208 3101 multis
1234 3029 1306 3103 iam

188 3131 386 3221 sudoribus
406 3132 665 3228 liquescentes,
689 3158 757 3205 nec
778 3159 889 3206 unam
909 3159 978 3231 per
995 3149 1112 3207 totam
1133 3136 1232 3209 diem
1254 3163 1306 3210 re·

188 3266 335 3313 sumere
363 3254 575 3336 potuerunt.
636 3239 782 3312 Aderat
802 3255 914 3313 nauta
933 3241 1093 3338 quidam,
1118 3242 1308 3317 Perfectus

190 3347 350 3429 nomine,
383 3343 483 3418 nulio
511 3347 612 3419 bono
640 3347 839 3443 perfectus,
872 3365 1108 3443 contemptor
1140 3350 1305 3423 omnium

189 3479 285 3550 quae
300 3453 374 3525 Dei
389 3470 493 3531 sunt:
511 3453 573 3548 qui
590 3470 715 3527 mente
730 3455 888 3528 adversa
907 3480 992 3527 cum
1013 3454 1198 3528 derisione
1214 3458 1307 3529 dixit

110 3589 156 3652 25
188 3562 235 3633 ad
255 3561 394 3633 socios:
417 3560 639 3633 Sanctorum
660 3560 824 3633 omnium
845 3560 1046 3634 invocastis
1060 3561 1235 3634 auxilium
1256 3582 1304 3647 et,

188 3684 228 3739 ut
248 3667 390 3749 videtis,
410 3667 530 3740 nuilus
549 3685 607 3741 est
626 3669 689 3765 qui
709 3686 909 3741 succurrat.
960 3669 1180 3740 invocemus
1195 3670 1303 3741 istum

188 3775 438 3858 Franciscum,
462 3775 525 3870 qui
546 3776 713 3848 novellus
733 3792 791 3847 est
811 3790 969 3857 sanctus,
989 3790 1029 3846 ut
1048 3800 1132 3847 curn
1157 3802 1226 3848 suo
1250 3801 1304 3849 ca-

188 3882 298 3978 pucio
326 3880 362 3953 in
392 3880 483 3954 mari
504 3907 545 3954 se
565 3899 712 3981 mergat
730 3870 768 3954 ei
788 3907 945 3954 ancoras
970 3880 1133 3977 perditas
1161 3885 1303 3956 reddat.

189 3988 400 4083 Quamdam
417 3988 497 4062 auri
517 3989 664 4062 unciam
679 3989 812 4061 demus
831 3988 1012 4060 ecclesiae
1027 4013 1128 4071 suae,
1147 4014 1243 4085 quae
1258 3992 1305 4062 de

117 4126 158 4192 30
188 4122 285 4167 novo
306 4096 532 4168 construitur
547 4096 582 4169 in
600 4096 755 4177 Ortona,
769 4095 798 4168 si
814 4094 935 4192 ipsum
956 4094 1182 4168 senserimus
1202 4097 1307 4169 adiu·

186 4219 316 4276 torem.
376 4202 659 4276 Consenserunt
677 4201 814 4275 irrisuri
836 4200 971 4275 caeteri
993 4226 1077 4274 cum
1098 4202 1241 4286 timore,
1270 4220 1315 4275 et

187 4308 373 4383 irrisorem
392 4310 637 4408 obiurgantes
652 4309 893 4381 firmaverunt
916 4324 1055 4382 votum.
1114 4307 1247 4382 Statim
1269 4310 1303 4380 in

186 4432 388 4500 moment0,
410 4415 489 4488 sine
509 4418 634 4514 aliquo
653 4416 879 4488 adminiculo
900 4432 1121 4489 nataverunt
1139 4440 1300 4488 ancorae

256 4620 294 4679 ²5
