3142 4875
270 347 348 433 406
576 369 786 418 rnxcrxrcs
815 370 861 418 oe
891 370 1084 418 trinacrio·

268 601 424 699 aperuit,
455 600 554 674 clare
581 601 683 683 vidit,
714 601 958 674 devotissime
990 601 1170 673 adoravit
1241 602 1282 673 lu
1311 601 1398 697 ipsa

268 733 358 781 vero
394 709 615 782 adoratione
642 733 736 781 voce
765 733 904 805 magna
942 709 1197 803 proclamans:
1227 708 1394 788 Gratias,

268 815 397 911 inquit,
420 815 507 888 Deo
528 832 567 888 et
581 831 712 887 sancto
730 815 821 896 eius,
845 815 931 911 quia
951 815 1064 887 video
1082 840 1219 911 corpus
1239 814 1392 887 Christi.

269 921 457 996 Omnibus
476 921 538 1018 qui
558 923 715 994 aderant
734 922 770 993 in
792 947 884 994 voce
909 921 1168 994 exsultationis
1188 923 1391 1003 conversis,

269 1045 354 1126 post
382 1054 572 1103 sacrorum
600 1030 854 1124 expletionem
875 1053 1024 1101 reversa
1042 1045 1101 1101 est
1120 1030 1252 1100 mulier
1270 1028 1306 1100 in
1327 1030 1393 1101 do·
1427 1061 1445 1123 5

270 1162 370 1208 mum
390 1161 506 1214 suam,
529 1138 679 1233 propria
707 1136 790 1208 luce
817 1137 925 1208 duce.
984 1135 1157 1207 Christus
1179 1138 1303 1208 lumen
1324 1136 1393 1208 luit

269 1243 469 1316 Francisco
497 1245 586 1314 dum
614 1243 768 1323 viveret,
800 1243 868 1324 cui,
900 1242 996 1314 sicut
1023 1259 1112 1314 tunc
1141 1267 1252 1314 omne
1281 1269 1390 1315 suuni

268 1349 461 1423 mirificum
490 1350 695 1446 deputavit,
716 1348 769 1422 sic
789 1366 828 1421 et
848 1374 945 1422 nunc
964 1349 1045 1422 eius
1073 1350 1219 1446 corpori
1238 1375 1390 1422 ornnem

267 1455 427 1554 gloriam
454 1456 534 1530 dari
563 1455 675 1554 cupit.

354 1587 436 1654 ¹¹9·
468 1563 508 1636 ln
543 1562 751 1659 Campania
789 1588 882 1658 puer
918 1561 1070 1659 quidam
1106 1564 1390 1660 quatuordecim
1428 1595 1468 1642 ιο

266 1696 460 1752 annorum,
478 1671 526 1742 de
555 1687 678 1742 castro
706 1670 855 1766 Pophis,
874 1671 996 1742 subita
1026 1687 1183 1743 vexatus
1201 1670 1388 1767 angustia,

267 1776 455 1849 sinistrum
476 1778 623 1850 oculum
644 1777 768 1849 amisit
785 1802 835 1849 ex
854 1793 945 1849 toto.
1003 1776 1192 1849 Passionis
1205 1778 1392 1850 acerbitas

267 1885 320 1956 sic
348 1887 396 1957 de
424 1884 507 1957 loco
536 1910 605 1957 suo
633 1883 795 1980 propulit
813 1883 973 1966 oculum,
995 1884 1097 1980 quod
1117 1909 1185 1981 per
1202 1902 1289 1957 octo
1308 1886 1391 1958 dies

267 2009 374 2064 extra
402 2017 470 2088 per
489 1992 689 2088 quamdam
713 1990 951 2064 carunculam
971 1991 1133 2063 debilem
1154 1992 1391 2089 longitudine

265 2099 372 2196 digiti
412 2098 520 2170 unius
557 2098 786 2194 dependens,
828 2123 926 2193 pene
963 2098 1090 2171 aridus
1126 2116 1185 2171 est
1221 2098 1387 2172 effectus.
1426 2131 1465 2195 15

267 2205 342 2278 Sed
371 2230 455 2278 curn
484 2203 564 2278 sola
592 2220 806 2300 superesset
834 2204 1004 2288 abscisin,
1035 2223 1073 2277 et
1101 2230 1124 2278 a
1152 2204 1391 2278 medentibus

267 2313 361 2385 soret
380 2315 529 2408 penitus
549 2312 779 2407 desperatus,
798 2327 906 2407 pater
923 2312 1004 2384 eius
1023 2312 1070 2384 ad
1090 2311 1268 2384 auxilium
1288 2311 1390 2386 beati

267 2417 454 2494 Francisci
483 2436 563 2492 tota
592 2445 632 2491 se
662 2434 788 2492 mente
816 2418 1010 2492 convertit.
1068 2420 1153 2492 Non
1174 2418 1291 2493 deluit
1316 2418 1387 2503 ille,

267 2527 474 2600 indefessus
504 2528 723 2601 miserorum
751 2526 908 2607 adiutor,
932 2527 1105 2622 precibus
1133 2527 1390 2623 supplicantis,

267 2635 429 2708 Oculum
457 2634 603 2706 aridum
633 2632 788 2705 mirabili
809 2633 944 2706 virtute
965 2659 1033 2706 suo
1053 2633 1135 2706 loco
1154 2633 1323 2715 restituit,
1350 2651 1391 2706 et
1422 2665 1465 2711 πο

267 2768 350 2815 cum
371 2740 493 2813 virore
521 2740 678 2836 pristino
705 2739 798 2811 lucis
821 2757 973 2835 optatae
994 2739 1107 2812 radiis
1127 2738 1331 2813 illustravit.

353 2872 435 2920 120.
467 2849 506 2919 ln
536 2848 669 2919 eadem
690 2845 890 2943 provincia,
914 2848 1014 2943 apud
1036 2848 1221 2929 Castrum,
1245 2846 1388 2943 lignum

268 2957 489 3028 immensum
518 2979 566 3026 ex
595 2953 670 3026 alto
702 2953 856 3050 proruit,
886 2970 925 3027 et
954 2954 1146 3026 cuiusdam
1184 2953 1390 3026 sacerdotis

267 3079 378 3160 caput
410 3060 630 3159 gravissime
667 3086 859 3156 quassans,
897 3060 1085 3133 sinistrum
1122 3060 1203 3132 eius
1238 3058 1388 3133 oculum

267 3167 492 3243 excaecavit.
542 3166 616 3261 Qui
637 3167 737 3239 humi
758 3168 936 3251 deiectus
960 3167 1083 3263 coepit
1102 3168 1177 3240 alta
1196 3193 1288 3241 voce
1307 3193 1389 3239 san·
1419 3199 1459 3263 25

266 3296 364 3350 ctum
381 3275 621 3348 Franciscum
642 3275 810 3347 luctuose
831 3276 1002 3357 clamare,
1025 3275 1172 3347 dicens:
1190 3273 1386 3359 Succurre,

266 3401 372 3480 pater
409 3381 651 3463 sanctissime,
684 3398 724 3453 ut
752 3383 799 3454 ad
830 3384 964 3454 festum
1002 3398 1105 3453 tuum
1143 3382 1195 3454 ire
1229 3380 1384 3462 valeam,

266 3493 360 3563 sicut
389 3488 561 3562 fratribus
589 3487 662 3559 tuis
691 3487 743 3560 ire
772 3488 935 3585 promisi.
1008 3488 1099 3561 Erat
1126 3489 1225 3561 enim
1260 3487 1388 3586 vigilia

266 3596 394 3671 sancti.
454 3594 527 3689 Qui
559 3595 682 3667 statim
702 3621 922 3693 exsurgens,
955 3596 1165 3692 peroptime
1198 3594 1384 3678 liberatus,

265 3708 301 3779 in
331 3729 462 3777 vocem
492 3702 659 3798 prorupit
687 3701 807 3775 laudis
830 3719 868 3775 et
887 3701 1026 3800 gaudii,
1046 3719 1084 3774 et
1104 3701 1388 3775 circumstantes
1419 3736 1461 3801 30

266 3837 406 3893 omnes,
431 3809 493 3906 qui
514 3809 594 3881 eius
623 3808 895 3883 miserabantur
923 3824 1112 3894 eventum,
1139 3809 1176 3882 in
1196 3825 1387 3906 stuporem

265 3916 447 3993 convertit
463 3932 501 3988 et
517 3915 679 3988 iubilum.
728 3916 798 3988 lvit
813 3917 860 3989 ad
876 3917 1022 4001 festum,
1041 3941 1195 3990 narrans
1214 3915 1388 3989 omnibus

266 4052 377 4124 quam
399 4024 434 4096 in
456 4049 495 4095 se
516 4023 635 4095 iuerat
663 4042 841 4120 expertus
861 4024 978 4097 sancti
1002 4023 1239 4096 clementiam
1259 4041 1296 4096 et
1315 4021 1388 4094 vir·

265 4150 394 4206 tutem.
465 4130 623 4203 Discant
661 4131 774 4227 igitur
810 4157 942 4204 omnes
969 4156 1056 4203 eum
1085 4130 1223 4203 devote
1251 4128 1384 4212 colere,

266 4221 376 4333 ouem
407 4236 527 4309 sciunt
556 4262 597 4309 se
626 4237 834 4312 colentibus
863 4254 937 4311 tam
969 4236 1074 4309 facile
1104 4236 1315 4315 subvenire.
1421 4269 1455 4333 35

352 4365 434 4413 121.
453 4342 612 4414 Vivente
628 4344 750 4417 adhuc
765 4347 877 4418 beato
893 4343 1103 4425 Francisco,
1123 4344 1255 4417 mulier
1273 4369 1388 4441 quae·

264 4448 351 4518 dam
372 4448 418 4518 de
441 4448 591 4529 Narni0‚
625 4450 816 4523 oculorum
847 4451 1027 4523 caecitate
1055 4475 1244 4546 percussa,
1274 4451 1387 4548 signo
