3142 4875
605 351 882 402 PROLEGOMENA
1205 352 1304 403 LXVII

177 573 290 640 tertius
315 591 363 639 est
385 569 559 638 fasciculus
583 589 614 637 et
639 571 818 639 ultimus.(¹)
868 571 1039 651 «Praebet,
1063 571 1106 638 ait
1130 571 1244 655 editor,
1268 598 1307 640 ex

180 679 311 747 archivo
329 678 364 746 S.
382 677 501 745 Isidori
514 677 707 764 opusculum
723 678 812 766 quod
827 680 993 767 permagni
1011 697 1060 745 est
1074 681 1234 747 momenti
1250 703 1308 768 pro

180 784 319 873 legenda
338 784 480 852 secunda
501 783 691 852 Celanensis
711 783 900 872 corrigenda
914 811 944 851 a.
993 782 1200 872 Opusculum
1220 786 1309 853 evul-

183 911 277 982 gatur
294 913 363 958 non
382 891 490 960 solum
508 914 547 957 ex
568 912 607 957 eo
627 890 738 958 codice
753 891 786 958 S.
803 890 917 958 Isidori
938 890 977 958 de
995 891 1082 959 Urbe
1103 892 1193 983 (cod.
1222 899 1309 979 πίῃ,

184 1022 268 1067 saec.
294 1019 363 1080 xta,
385 996 442 1065 fol.
467 1002 512 1065 26
521 998 578 1084 Η
585 997 621 1086 3)
646 1019 743 1086 quem
768 1001 800 1064 in
824 997 888 1064 hoc
912 997 1017 1065 libello
1042 998 1190 1065 describit
1206 999 1308 1066 editor

186 1107 277 1197 (pag.
302 1109 344 1173 60
368 1125 400 1172 et
423 1105 484 1195 ss.)
508 1104 563 1171 sed
583 1105 679 1171 etiam
697 1124 728 1172 et
744 1106 930 1191 praesertim
950 1129 989 1170 ex
1012 1105 1073 1171 alio
1097 1105 1208 1173 codice
1233 1129 1309 1173 con·

188 1233 303 1280 sentus
328 1213 360 1280 S.
386 1212 520 1279 Antonii
545 1213 659 1300 pariter
682 1211 722 1278 de
747 1212 845 1291 Urbe,
869 1212 902 1278 in
927 1210 1127 1299 praecedeuti
1151 1212 1307 1300 opusculo

187 1322 295 1408 potius
318 1318 458 1386 indicato
482 1340 581 1407 quam
604 1317 772 1407 descripto.
781 1318 817 1371 (²)

254 1427 338 1494 Vere
362 1428 520 1513 pretiosae
543 1443 618 1492 sunt
640 1424 713 1492 illae
738 1424 977 1514 Excerptione5‚
1008 1448 1089 1513 quae
1121 1426 1309 1493 authentici·

188 1553 285 1600 tatem
311 1533 534 1600 demonstrant
559 1532 692 1599 duarum
718 1532 919 1615 additionum
950 1552 1307 1619 supramemoratarum,

188 1663 256 1729 cap.
282 1640 362 1708 CIII
386 1659 418 1706 et
442 1639 565 1719 CXVI,
590 1640 728 1728 quaein
759 1640 828 1706 cod.
856 1641 953 1706 Mass.
985 1638 1136 1727 leguntur
1167 1639 1245 1706 dum
1277 1642 1309 1705 in

187 1747 260 1815 cod.
277 1751 348 1814 Ass.
365 1746 568 1814 omittuntur.
615 1747 737 1813 Pluries
758 1747 844 1813 hunc
863 1745 1005 1814 libellum
1024 1748 1054 1813 in
1077 1747 1161 1813 notis
1181 1746 1310 1826 adduxi,

187 1854 242 1921 sed
255 1877 349 1941 saepe
365 1855 493 1943 saepius
507 1855 664 1920 variantes
677 1876 756 1942 quas
770 1852 899 1941 praebet
911 1853 1018 1935 omisi,
1033 1872 1101 1920 tum
1115 1855 1187 1941 qnia
1202 1852 1311 1919 Extra·

188 1963 332 2029 ctionem
345 1981 459 2029 auctor
469 1960 641 2050 aliquando
657 1961 782 2027 videtur
795 1979 920 2028 textum
938 1959 1225 2049 cornpendiavisse,
1240 1979 1308 2026 tum

187 2069 262 2157 quia
286 2070 468 2136 versionem
495 2090 562 2134 non
586 2066 780 2135 exhibebant
803 2066 972 2134 diversant.

502 2264 551 2318 III.
570 2264 748 2319 Taacrnrus
767 2264 999 2318 Mrnacutonuu.

258 2425 401 2493 Codex
430 2423 717 2492 Massiliensis
742 2421 782 2489 ad
807 2446 955 2512 praesens
979 2421 1066 2491 solus
1090 2442 1138 2490 est
1162 2423 1310 2511 cognitus

189 2535 244 2623 qui
275 2533 465 2600 Tractatum
497 2531 727 2599 Miraculorum
753 2553 770 2596 a
799 2531 835 2598 fr.
860 2530 1004 2611 Thoma,
1035 2530 1164 2597 iubente
1188 2530 1310 2596 Ioanne

190 2640 230 2708 de
262 2642 388 2719 Parma,
427 2639 646 2727 compositum
678 2638 836 2726 praebeat.
895 2638 1181 2704 Authenticitatem
1217 2636 1311 2705 huius

190 2748 296 2836 operis
326 2746 505 2814 luculenter
536 2745 771 2813 demonstravit
802 2747 838 2812 P.
864 2745 935 2809 Van
962 2742 1097 2831 Ortroy,
1128 2766 1203 2809 cum
1235 2744 1311 2810 illud

190 2854 310 2943 primus
330 2853 430 2921 edidit
453 2854 488 2919 in
506 2852 659 2919 Analrrtis
683 2851 949 2919 Bollandianis.(³)
997 2852 1149 2940 Longum
1170 2849 1312 2918 studium

190 2960 399 3050 legendarum
413 2960 656 3038 Celanensium,
671 2960 722 3025 cni
738 2961 801 3026 iarn
819 2960 1026 3027 incubueram
1042 2976 1214 3047 antequam
1230 2959 1313 3025 hanc

190 3091 333 3156 pararem
357 3068 547 3147 editionem,
572 3065 818 3156 uniusquidem
840 3069 997 3134 momenti
1020 3065 1154 3133 dubium
1169 3066 1312 3145 exclusit,

192 3199 266 3243 cum
285 3174 363 3243 illud
380 3175 635 3262 manuscriptum
655 3174 757 3262 prima
773 3175 844 3240 vice
860 3173 991 3262 perlegi.
1039 3172 1312 3241 Confirmationes

192 3283 285 3349 buius
310 3282 473 3371 opinionis
496 3301 732 3369 proposuerunt
750 3280 898 3347 Analecta
918 3280 1123 3347 Bollaadiana
1141 3300 1172 3346 et
1191 3280 1263 3347 licet
1280 3282 1309 3344 in

193 3388 264 3456 cod.
282 3389 379 3457 Mass.
397 3409 465 3455 non
482 3388 662 3455 inveniatur
676 3388 833 3476 Prologus
849 3387 901 3453 vel
917 3386 1068 3475 Epistola,
1086 3388 1175 3452 cuius
1188 3388 1311 3452 mentio

193 3495 326 3564 habetur
349 3496 381 3562 in
407 3495 579 3563 Chronicis
602 3495 718 3562 XXIV
742 3494 962 3571 Generaliunt,
988 3494 1180 3581 «Religiosa
1205 3513 1311 3560 nostra

192 3601 374 3671 sollicitudo
391 3626 423 3683 u,
442 3603 520 3669 lecta
538 3599 760 3669 dissertatione
776 3603 810 3671 in
825 3600 1011 3689 supradIctis
1026 3601 1179 3667 Analectis
1195 3601 1311 3666 inserta

192 3709 297 3778 nullus
321 3729 369 3777 est
390 3709 445 3797 qui
477 3708 517 3776 de
549 3708 791 3776 authenticitate
823 3705 918 3775 huius
949 3708 1121 3775 Tractatus
1152 3707 1313 3794 ambigere

195 3835 304 3905 possit.

263 3998 307 4063 (1)
321 3997 479 4049 Documenta
488 3997 592 4066 antiqua
602 3996 782 4058 franciscana,
798 3994 849 4046 vid.
863 4011 935 4064 supr.
946 4024 980 4033 -
992 3993 1065 4047 Licet
1079 3994 1105 4046 in
1120 3992 1199 4045 titulo
1212 3991 1316 4061 legatur

192 4085 367 4139 &unatim
384 4084 413 4138 dc
436 4084 550 4154 Legenda
568 4086 684 4155 antiqua,
703 4083 791 4137 editor
808 4083 986 4144 demonstrat,
1005 4095 1032 4135 et
1050 4082 1189 4134 euidenter
1204 4095 1317 4141 constat,

193 4174 265 4246 quod
285 4173 398 4227 nomine
419 4171 560 4243 legendae
580 4172 706 4244 antiquae
725 4173 843 4225 secunda
863 4172 1023 4226 celanensis
1043 4184 1082 4224 est
1102 4170 1251 4239 designata.

265 4266 307 4333 (2)
326 4262 486 4317 Documenta
498 4265 603 4333 antr'qaa
615 4263 797 4327 Francisaana,
816 4261 881 4314 Pars
900 4262 934 4325 II,
950 4279 975 4331 p.
991 4261 1031 4326 16,
1045 4274 1109 4314 nota
1126 4276 1148 4329 3,
1165 4259 1208 4311 Ad
1220 4259 1316 4314 Clarus

193 4353 297 4424 Aquas,
319 4366 394 4423 190¹·

266 4441 309 4511 (3)
328 4440 454 4493 Analecta
473 4439 646 4513 Bollandt'ana,
666 4453 731 4493 tom.
751 4439 853 4505 XVIII,
872 4457 916 4510 pp.
937 4442 965 4493 81
990 4452 1016 4492 et
1035 4456 1069 4491 ss.
