3142 4875
598 361 703 411 naam
731 358 916 410 Funncrsct
1269 359 1316 427 27

217 468 221 475 ,
288 468 292 476 Ι
309 468 383 477 -,
399 469 463 477 ,,,,-
785 471 935 478 —...—...
947 471 1283 480 -..---——-—--..⁴..-.
1302 473 1317 479 .-

195 595 350 667 intuitus
364 610 403 668 et
417 611 605 692 expertus,
625 595 859 690 refectusque
875 594 1081 667 sanctitatis
1096 593 1175 667 eius
1189 596 1316 679 odore,

143 789 146 796 ⁴
194 702 370 799 concepit
396 701 569 775 timorem
599 717 636 774 et
664 700 793 775 salutis
821 700 1222 799 spiritumparturivit.
1253 702 1320 775 Vi-

193 809 311 881 debat
338 834 424 882 eum
453 825 533 882 tota
562 810 670 884 docte
698 824 880 892 orantem,
912 807 1097 881 rarissime
1135 808 1319 882 dormien-

193 932 285 1001 tem,
305 916 521 989 laudantem
535 915 660 988 Deum
676 930 714 989 et
729 916 932 1013 gloriosam
950 914 1146 1013 Virginem
1161 931 1318 989 matrem

147 1050 163 1115 5
193 1023 288 1094 eius.
310 1021 518 1095 Mirabatur
542 1039 655 1119 atque
674 1021 841 1097 dicebat:
865 1021 965 1094 Vere
985 1021 1044 1094 hic
1063 1022 1177 1097 homo
1196 1023 1319 1097 aDeo

194 1144 264 1202 est.
295 1128 496 1202 Accelerat
523 1129 680 1225 proinde
708 1131 873 1202 vendere
902 1129 1027 1201 omnia
1057 1154 1134 1212 sua,
1166 1144 1204 1202 et
1232 1155 1319 1228 pau-

192 1235 358 1333 peribus
390 1261 464 1308 non
494 1236 721 1333 parentibus
751 1235 932 1333 elargitus
960 1251 1018 1308 est
1050 1261 1104 1318 ea,
1136 1251 1175 1309 et
1201 1238 1321 1333 perfe-

194 1341 331 1415 ctionis
341 1341 423 1416 viae
437 1343 584 1416 titulum
599 1342 887 1439 apprehendens
902 1343 1018 1416 sancti
1033 1343 1219 1441 evangelii
1234 1370 1320 1417 con·

194 1449 320 1522 silium
348 1450 567 1547 adimplevit
593 1474 669 1545 quo
697 1449 846 1522 dicitur:
873 1449 913 1522 Si
931 1449 988 1522 vis
1014 1450 1203 1546 perfectus
1222 1475 1315 1534 esse,

131 1582 166 1629 ιο
193 1556 305 1636 vade,
328 1572 365 1629 et
383 1556 506 1630 vende
535 1557 661 1629 omnia
680 1581 777 1653 quae
798 1557 926 1642 habes,
948 1573 986 1629 et
1005 1558 1053 1629 da
1077 1557 1316 1654 pauperibus

195 1679 233 1736 et
254 1663 411 1736 habebis
439 1664 655 1736 thesaurum
681 1663 718 1736 in
748 1664 863 1746 caelo,
885 1679 923 1737 et
943 1663 1028 1737 veni
1058 1687 1216 1760 sequere
1246 1690 1317 1738 me.

195 1770 287 1864 Quo
308 1769 416 1855 facto,
437 1771 513 1843 vita
532 1786 571 1842 et
590 1770 718 1843 habitu
739 1786 868 1843 sancto
894 1770 1095 1843 Francisco
1114 1772 1320 1845 associatus

195 1892 264 1959 est,
289 1892 443 1973 eratque
471 1902 555 1949 cum
574 1902 620 1949 eo
641 1902 799 1974 semper,
830 1902 1036 1974 quousque,
1069 1875 1320 1973 multiplicatis

194 1983 381 2067 fratribus,
396 2009 480 2056 cum
497 1981 770 2080 obedientiapii
786 1983 904 2081 patris
918 1983 965 2055 ad
976 1982 1067 2056 alias
1082 1984 1321 2057 transmissus

132 2119 164 2183 ¹5
195 2106 253 2164 est
274 2090 461 2188 regiones.
483 2090 575 2162 Eius
595 2115 757 2186 namque
776 2091 826 2163 ad
845 2091 971 2163 Deum
987 2089 1183 2163 conversio
1202 2091 1320 2164 forma

194 2198 340 2271 exstitit
367 2197 629 2270 convertendis
657 2195 693 2268 in
730 2196 946 2270 venditione
975 2197 1255 2294 possessionum
1283 2216 1322 2270 et
1368 2214 1371 2218 ’

196 2303 421 2402 elargitione
448 2329 667 2402 pauperum.

283 2437 300 2484 2
309 2431 342 2504 5.
364 2410 524 2485 Sanctus
539 2410 761 2486 Franciscus
779 2438 871 2486 vero
890 2411 938 2485 de
957 2409 1049 2485 tanti
1070 2410 1136 2484 viri
1156 2412 1319 2486 adventu

196 2535 234 2592 et
263 2520 510 2592 conversione
538 2518 691 2616 gavisus
720 2534 778 2591 est
806 2518 946 2616 gaudio
972 2544 1113 2617 magno
1131 2520 1251 2604 valde,
1275 2545 1320 2592 eo

131 2653 169 2699 20
197 2626 301 2722 quod
330 2625 517 2698 Dominus
535 2627 725 2699 videretur
744 2626 824 2699 eius
844 2627 984 2699 habere
1012 2650 1151 2711 curam,
1173 2627 1267 2699 dans
1287 2624 1320 2700 ei

197 2731 340 2806 socium
367 2733 617 2806 necessarium
638 2749 676 2806 et
695 2733 856 2806 amicum
880 2733 1039 2806 fidelem.
1097 2731 1231 2805 Statim
1260 2759 1322 2805 au-

198 2855 276 2913 tem
295 2839 351 2910 vir
368 2841 462 2913 alter
490 2839 649 2912 civitatis
675 2838 811 2913 Assisii
840 2866 925 2913 eum
955 2855 1137 2935 sequutus
1158 2855 1225 2923 est,
1258 2841 1321 2937 qui

197 2946 308 3020 valde
345 2944 382 3019 in
420 2946 705 3020 conversatione
738 2945 934 3020 laudabilis
962 2946 1113 3027 exstitit,
1144 2964 1183 3019 et
1220 2949 1322 3044 quod

199 3067 328 3126 sancte
357 3053 481 3150 coepit
513 3054 677 3126 sanctius
706 3069 792 3150 post
821 3053 1008 3125 modicum
1037 3052 1319 3126 consummavit.

133 3184 169 3250 25
199 3159 311 3232 Hunc
326 3184 426 3247 vero,
443 3176 530 3257 post
549 3185 623 3233 non
640 3160 797 3233 multum
812 3159 1001 3258 temporis,
1024 3159 1191 3256 sequitur
1210 3162 1323 3234 frater

200 3265 397 3365 Aegidius,
420 3268 476 3340 vir
494 3267 652 3363 simplex
672 3282 711 3340 et
730 3283 853 3340 rectus
871 3292 916 3340 ac
935 3267 1071 3339 timens
1099 3268 1236 3351 Deum,
1259 3267 1322 3363 qui

201 3372 316 3471 longo
344 3390 514 3472 tempore
542 3374 682 3448 durans
709 3390 847 3457 sancte,
871 3374 966 3447 iuste
985 3399 1029 3446 ac
1057 3374 1119 3472 pie
1146 3373 1319 3459 vivend0,

201 3482 389 3577 perfectae
408 3481 658 3566 obedientiae,
686 3481 824 3554 laboris
843 3506 993 3578 quoque
1014 3506 1201 3566 manuum,
1223 3481 1323 3554 vitae

203 3587 397 3675 solitariae,
412 3587 671 3686 sanctae[que]
686 3587 1012 3686 contemplationis
1028 3587 1134 3661 nobis
1149 3591 1323 3686 exempla

275 3780 347 3835 rH
362 3781 467 3836 intuens
520 3782 562 3836 Ox
575 3779 668 3835 refect.
682 3797 792 3852 quoque
843 3782 929 3836 Rom.
946 3782 1004 3834 eius
1079 3798 1102 3851 3.
1120 3782 1233 3835 Oscum
1250 3781 1322 3833 enim

204 3861 291 3915 Rom.
309 3872 366 3915 tota
420 3863 547 3916 Hnocte
565 3873 623 3915 tota
643 3879 675 3915 ac
694 3862 737 3915 die
810 3878 836 3927 4.
852 3861 1016 3927 AS,Eom.
1031 3861 1174 3925 Virginem
1247 3860 1324 3915 60,-

204 3941 375 3995 Acceleravit
387 3958 424 4011 pr.
440 3944 518 3995 vend.
532 3959 608 3996 omn.
621 3958 691 4012 quae
703 3942 821 3995 habebat
888 3958 911 4011 7.
928 3944 982 4003 Ox,
999 3942 1017 3993 R
1033 3942 1144 4013 largitus
1212 3942 1271 4011 7·8.
1286 3944 1323 4006 E,

203 4021 243 4082 H,
259 4022 296 4084 L,
314 4023 357 4085 ll,
374 4023 431 4086 Ox,
449 4021 483 4086 R,
506 4024 540 4075 W
553 4020 719 4093 perfectioris
774 4022 834 4087 AS,
853 4022 887 4075 Os
901 4021 1067 4091 perfectioris
1081 4024 1152 4075 vitae
1224 4038 1248 4093 9.
1267 4023 1323 4083 ΑΕ,

204 4100 238 4161 L,
258 4102 301 4165 M,
320 4103 368 4166 Or,
387 4102 444 4169 Ox,
462 4103 534 4167 P,·R
555 4121 602 4155 om.
623 4119 676 4173 quo
694 4102 790 4155 dicitur
865 4118 905 4155 11.
922 4103 944 4156 P
962 4102 1041 4155 caelis
1117 4119 1156 4170 ις.
1176 4103 1221 4157 AS
1238 4103 1324 4156 Cuius

204 4180 232 4233 H
246 4183 431 4235 conversionis
505 4199 546 4236 22.
565 4185 649 4238 Rom.
667 4183 780 4237 civitatis
854 4184 943 4251 23.()s
954 4183 1133 4236 conversione
1208 4199 1241 4248 24
1264 4195 1324 4253 post

204 4261 354 4330 modicum]
370 4262 418 4326 Os,
432 4263 467 4326 P,
477 4261 499 4315 R
511 4264 702 4332 postmodum·
720 4264 750 4317 M
762 4281 812 4318 om.
885 4278 927 4333 25.
941 4263 962 4316 R
976 4276 1103 4333 sequutus
1177 4262 1274 4331 26-27.
1290 4264 1324 4316 tls

206 4357 251 4392 om.
271 4342 315 4412 qui
332 4341 512 4411 longo-iuste
585 4358 627 4411 27.
646 4342 676 4395 H
693 4361 742 4396 om.
761 4359 793 4395 ac
813 4345 856 4413 pie
929 4358 972 4414 29.
991 4343 1012 4395 B
1030 4356 1138 4395 sanctae
1159 4355 1230 4396 cont.
1283 4344 1323 4396 cu·

207 4435 311 4477 sanctae
330 4439 440 4494 quoque
495 4423 553 4488 As,
574 4423 604 4477 H
620 4423 778 4494 exemplum
