3142 4875
538 333 724 384 OPUnCULA
752 335 948 383 LITURGICA

189 567 306 642 bitum
334 570 529 643 reformat:
555 594 713 667 quorum
733 569 884 667 quidam
906 595 1011 642 crura
1031 586 1171 643 retorta
1191 596 1309 667 usque

188 676 237 748 ad
257 691 363 749 nates
381 677 575 773 gerebant,
599 676 750 772 quidam
771 677 933 772 genibus
952 678 1094 773 pectori
1120 677 1254 750 iunctis
1272 692 1311 749 et

189 783 356 856 cruribus
382 784 508 856 fractis
527 774 831 889 conglomera[t]i
853 784 1034 856 iacebant.
1093 783 1257 879 Quidam
1273 783 1310 855 in

188 888 332 962 lectulis
360 890 601 975 decubantes,
625 891 787 963 nonnisi
812 890 918 963 tracti
938 890 987 962 ab
1006 891 1087 962 aliis
1111 891 1311 964 moveban-

142 1024 159 1086 5
187 1012 257 1080 tur,
281 997 432 1092 quidam
452 1022 542 1069 vero
562 997 763 1069 contractis
789 998 959 1070 manibus
978 1014 1016 1070 et
1035 997 1187 1094 reliquis
1207 1022 1311 1069 aren·

188 1103 288 1175 tibus
317 1104 494 1175 membris
521 1103 623 1176 omni
651 1121 759 1177 erant
786 1102 920 1177 solatio
943 1104 1121 1178 destituti.

276 1230 332 1301 15.
373 1209 506 1283 Caecis
538 1210 661 1283 multis
689 1212 849 1283 restituit
878 1211 1008 1295 visum,
1045 1236 1203 1308 quorum
1238 1209 1311 1283 cui·

142 1364 149 1378 ·
189 1317 288 1402 darn,
320 1315 406 1413 quia
435 1316 637 1414 numquam
668 1317 860 1400 habuerat,
892 1318 1005 1390 dedit.
1062 1318 1182 1391 Alteri
1207 1342 1308 1400 vero,

191 1422 254 1519 qui
292 1424 394 1496 fusos
430 1424 594 1497 habebat
630 1423 797 1497 exterius
836 1423 1011 1521 [oculos]‚
1044 1425 1146 1497 tenui
1174 1425 1312 1497 venula

123 1553 162 1601 10
191 1556 304 1627 super
332 1528 500 1603 maxillas
528 1531 747 1627 pendentes,
779 1533 828 1604 ad
861 1532 988 1604 locum.
1013 1558 1121 1606 suum
1151 1531 1309 1605 reduxit.

191 1637 334 1710 Surdos
362 1637 474 1710 etiam
504 1636 591 1710 fecit
626 1635 756 1710 audire
792 1654 831 1710 et
864 1654 987 1711 mutos
1016 1636 1127 1735 loqui,
1158 1663 1206 1710 ex
1235 1638 1312 1734 qui-

192 1746 262 1816 bus
297 1743 444 1816 cuidam
471 1742 639 1841 linguam
673 1744 811 1825 tribuit,
844 1770 955 1841 quam
985 1745 1014 1817 si
1044 1746 1147 1842 prius
1175 1745 1313 1817 habue-

193 1850 248 1936 rit,
276 1876 344 1947 pro
373 1874 441 1922 sua
461 1849 574 1923 nimia
594 1851 775 1924 brevitate
795 1849 858 1922 vix
877 1868 942 1924 aut
972 1877 1175 1949 numquam
1195 1851 1312 1923 videri

192 1956 322 2055 potuit.
394 1957 584 2053 Leprosos
620 1957 716 2030 duos
743 1958 947 2042 mundavit,
978 1960 1025 2031 de
1054 1959 1189 2055 quibus
1218 1983 1313 2030 unus

126 2085 163 2150 15
193 2063 305 2137 etiam
342 2063 568 2161 paralyticus
595 2065 673 2146 fuit,
701 2066 769 2138 sed
802 2065 996 2162 utriusque
1037 2066 1155 2138 morbi
1186 2089 1313 2137 conse·

194 2187 300 2243 cutus
328 2186 385 2243 est
412 2170 621 2244 sanitatem.
679 2171 715 2243 A
744 2172 913 2268 pluribus
931 2171 1095 2245 obsessis
1114 2173 1314 2245 daemonia

193 2278 346 2375 expulit.
404 2278 645 2374 Hydropicos
664 2295 701 2353 et
720 2278 946 2375 paralyticos
974 2294 1012 2351 et
1041 2280 1235 2376 passiones
1263 2276 1315 2349 di-

194 2410 321 2459 versas
349 2385 545 2483 patientes,
568 2409 726 2482 quorum
752 2385 946 2484 ignoratur
966 2412 1152 2471 numerus,
1177 2382 1314 2458 Christi

194 2492 329 2566 virtute
356 2492 512 2565 sanavit.
569 2493 717 2566 Revera
738 2494 772 2565 in
794 2492 942 2566 civitate
963 2493 1117 2590 Capuae
1145 2519 1167 2566 a
1197 2515 1316 2565 morte

123 2629 166 2677 20
193 2601 395 2696 quemdam
424 2625 581 2696 puerum
601 2599 802 2683 suscitavit,
826 2599 888 2697 qui
909 2601 1067 2673 iocando
1087 2626 1170 2673 cum
1191 2599 1316 2697 pueris

195 2707 231 2778 in
259 2707 410 2779 flumine
440 2706 583 2788 cecidit,
616 2705 721 2779 cuius
750 2706 911 2780 cadaver
939 2708 1047 2780 limus
1067 2707 1228 2780 fluminis
1252 2707 1313 2779 diu

193 2812 231 2886 in
269 2814 421 2887 modurn
458 2812 643 2910 sepulchri
682 2813 837 2887 obtexit.
909 2815 948 2886 ln
991 2813 1140 2887 civitate
1176 2813 1315 2887 Suessa

194 2919 366 2994 iuvenem
400 2921 601 3016 quemdam
639 2923 774 2994 domus
809 2946 922 2994 ruens
957 2921 1080 2994 subito
1118 2920 1312 3003 interfecit,

195 3028 257 3124 qui
285 3028 333 3100 ad
362 3028 597 3100 vocationem
627 3028 849 3102 sanctissimi
880 3028 995 3124 patris
1023 3027 1211 3101 Francisci
1241 3052 1315 3099 non

126 3163 165 3229 25
195 3133 313 3207 solum
343 3134 486 3216 revixit,
511 3136 578 3207 sed
612 3134 725 3208 etiam
755 3133 904 3208 illaesus
940 3135 1123 3233 apparuit.
1192 3136 1231 3206 ln
1262 3133 1316 3205 Si·

196 3240 277 3314 cilia
297 3239 513 3314 aconsimili
535 3259 654 3315 morte
675 3242 847 3315 iuvenem
875 3243 988 3316 aliurn
1017 3242 1065 3315 ad
1093 3244 1208 3315 vitam
1238 3242 1315 3337 glo·

196 3349 293 3420 riose
309 3347 466 3421 reduxit.
526 3349 565 3421 ln
591 3350 817 3422 Alamannia
839 3375 929 3422 vero
949 3365 1136 3422 mortuum
1156 3349 1314 3421 alterum

197 3455 399 3528 suscitavit.

197 3729 299 3782 beravit
354 3731 378 3782 A
404 3743 513 3801 ruptura
533 3742 560 3783 et
581 3730 702 3800 pondere
722 3732 911 3783 intestinorum
932 3728 1063 3799 plurimos
1083 3727 1212 3779 liberavit.
1259 3727 1319 3779 hlu-

198 3809 291 3863 lieretn
311 3808 413 3862 fluxum
432 3810 570 3879 sanguinis
590 3826 697 3879 passam
718 3826 765 3880 per
786 3824 816 3877 ²3
840 3826 925 3861 annos
946 3808 1024 3877 plene
1044 3806 1175 3869 liberavit,
1193 3818 1219 3858 et
1239 3806 1318 3859 aliam

199 3887 338 3956 feminam,
354 3906 423 3960 quae
442 3906 490 3960 per
505 3906 592 3942 annos
605 3902 709 3959 septem
722 3889 825 3942 fluxum
840 3888 977 3957 sanguinis
992 3903 1069 3958 passa
1085 3884 1180 3949 fuerat,
1195 3886 1320 3938 similiter

199 3971 308 4023 curavit.
347 3969 495 4029 Clericum,
510 3970 554 4041 qui
574 3986 708 4024 venenum
723 3971 841 4035 biberat,
852 3984 979 4022 evomere
995 3967 1066 4020 fecit.
1104 3966 1237 4038 Captivos
1251 3966 1321 4019 mul-

199 4061 242 4103 tos
260 4067 275 4102 a
295 4051 447 4104 carceribus
467 4053 569 4104 catenis
588 4051 693 4104 solutos
711 4051 808 4122 eripuit
827 4062 854 4102 et
867 4049 965 4101 liberos
977 4048 1051 4100 abire
1065 4046 1136 4100 fecit.
1176 4046 1274 4117 Sicque
1294 4049 1320 4098 in

200 4130 327 4183 omnibus
350 4131 469 4200 partibus
493 4131 587 4183 mundi
611 4131 704 4183 sedula
732 4129 861 4183 miracula
891 4142 998 4197 patrans
1024 4143 1039 4179 a
1065 4126 1177 4180 diversis
1196 4127 1320 4198 periculis

201 4209 301 4264 multos
319 4210 441 4265 liberavit
459 4228 507 4281 per
526 4214 652 4263 virtutem
678 4209 827 4263 Salvatoris
855 4210 937 4261 nostri
967 4208 1027 4261 lesu
1049 4207 1158 4272 Christi,
1175 4223 1256 4278 quem
1281 4208 1322 4259 vir

201 4289 251 4343 Dei
270 4291 335 4344 totis
353 4292 453 4344 viribus
472 4307 580 4362 semper
592 4290 685 4343 dilexit
704 4300 730 4343 et
749 4289 903 4350 honoravit,
916 4300 943 4340 et
962 4290 1004 4340 cui
1024 4287 1142 4358 perfecte
1162 4298 1188 4339 et
1207 4285 1321 4339 fideliter

201 4386 307 4443 semper
331 4372 454 4426 adhaesit
478 4373 504 4424 in
529 4383 684 4442 paupertate
703 4383 730 4423 et
748 4370 902 4423 humilitate
923 4367 1038 4421 fideliter
1066 4381 1092 4420 et
1119 4366 1250 4420 ferventer
1269 4383 1321 4418 ser·

201 4453 307 4505 viendo.
382 4452 441 4521 3.R
463 4450 659 4522 conglomerari
732 4466 755 4520 9.
776 4452 798 4505 R
817 4467 867 4503 om.
888 4448 983 4501 oculos
