3142 4875
636 377 741 428 nsum
769 378 956 428 eunucism
1305 357 1353 447 67

230 632 300 704 per
326 606 407 681 eius
435 607 689 704 praesentiam
718 608 866 704 operari
894 609 1071 708 dignatus
1098 626 1155 683 est
1183 611 1357 684 dominus

229 714 338 787 Deus
376 731 514 798 noster,
552 740 674 810 pauca
713 716 898 812 quaedam
932 715 1016 789 huic
1053 716 1157 814 operi
1195 718 1358 792 breviter

230 845 452 895 inseremus.

661 999 926 1009 ι--,-..-..

235 1197 420 1287 Quomodo
433 1153 613 1270 'claudum
631 1162 737 1292 opud
756 1197 1043 1270 Thusconollom
1058 1209 1092 1270 ol
1099 1200 1357 1296 paralyticum

183 1324 199 1387 5
444 1313 550 1406 opud
563 1314 766 1384 Nomium
785 1315 946 1385 sonavit.
1000 1311 1145 1388 XXIII.
1241 1349 1244 1354 >

315 1531 375 1619 65.
436 1528 531 1600 Cum
561 1544 731 1623 tempore
751 1528 925 1624 quodam,
948 1530 996 1601 ad
1021 1527 1354 1626 evangelizandum

233 1659 393 1730 regnum
423 1632 507 1718 Dei,
538 1649 690 1706 sanctus
719 1634 792 1706 Dei
821 1635 1042 1708 Franciscus
1074 1635 1251 1733 regiones
1278 1636 1355 1707 lon·

232 1765 303 1838 gas
321 1765 365 1813 ac
387 1739 510 1813 varias
538 1740 719 1825 circuiret,
744 1743 914 1838 pervenit
941 1743 990 1815 ad
1019 1742 1207 1815 civitatem
1228 1768 1355 1839 quam-

232 1847 330 1930 dam,
362 1872 459 1944 quae
488 1847 622 1919 dicitur
650 1847 911 1922 Thuscanella.
970 1849 1010 1921 ln
1031 1874 1115 1944 qua,
1139 1875 1223 1921 cum
1251 1873 1354 1921 more

162 1978 202 2027 ιο
231 1954 342 2027 solito
371 1970 568 2051 spargeret
596 1980 725 2027 semen
754 1954 863 2040 vitae,
886 1955 992 2028 miles
1012 1955 1163 2052 quidam
1186 1956 1355 2028 eiusdem

232 2059 391 2134 civitatis
419 2086 505 2133 eum
535 2061 699 2157 suscepit
722 2060 894 2157 hospiti0‚
918 2062 976 2135 cui
997 2063 1092 2135 filius
1111 2062 1241 2134 unicus
1260 2077 1351 2144 erat,

232 2166 388 2241 claudus
419 2183 457 2240 et
490 2184 570 2239 toto
607 2193 764 2265 corpore
801 2169 953 2251 debilis;
995 2169 1068 2265 qui,
1108 2168 1193 2241 licet
1230 2185 1353 2242 aetate

231 2274 418 2371 puerulus,
458 2273 717 2347 ablactationis
759 2291 885 2347 tamen
923 2276 1122 2349 transierat
1158 2301 1279 2349 annos
1316 2292 1354 2348 et

231 2381 354 2455 adhuc
383 2381 419 2454 in
450 2382 643 2455 cunabulis
678 2383 903 2463 morabatur.
960 2383 1072 2457 Pater
1107 2407 1197 2456 vero
1233 2382 1350 2481 pueri,

159 2515 198 2580 15
231 2489 363 2562 videns
384 2488 504 2561 virum
520 2488 592 2562 Dei
613 2505 717 2563 tanta
735 2490 945 2587 praeditum
968 2491 1175 2575 sanctitate,
1197 2490 1354 2587 proiecit

231 2622 272 2669 se
292 2597 340 2668 ad
359 2596 476 2693 pedes
506 2595 585 2668 eius
614 2597 811 2680 humiliter,
836 2597 897 2669 filii
926 2597 981 2670 sui
1011 2599 1058 2670 ab
1087 2623 1133 2670 eo
1159 2598 1353 2694 postulans

183 2790 186 2795 ¹
231 2702 441 2777 sanitatem.
500 2702 574 2796 Qui
610 2729 694 2776 cum
732 2719 858 2776 tantae
894 2705 1038 2777 virtutis
1066 2720 1104 2776 et
1131 2703 1275 2803 gratiae
1312 2730 1353 2776 se
1427 2759 1430 2765 .

231 2809 427 2907 indignum
458 2826 495 2882 et
522 2809 689 2882 inutilem
719 2827 919 2907 reputaret,
951 2812 1014 2884 diu
1044 2811 1115 2883 hoc
1144 2813 1266 2884 lacere
1299 2836 1354 2883 re·

231 2915 385 2990 cusavit.
443 2916 616 2988 Tandem
636 2942 790 3013 precum
812 2917 906 2990 illius
927 2917 1102 2990 instantia
1120 2918 1254 3017 victus
1274 2943 1353 2991 ora·

155 3048 202 3096 20
230 3024 333 3097 tione
362 3022 576 3121 praemissa,
609 3048 761 3096 manum
791 3023 967 3121 imposuit
996 3050 1123 3121 puero,
1146 3042 1184 3097 et
1203 3024 1353 3097 benedi·

233 3156 322 3204 cens
336 3130 509 3205 allevavit
522 3155 619 3202 eum.
679 3130 754 3225 Qui
770 3129 906 3214 statim,
925 3132 1163 3204 cernentibus
1183 3130 1350 3227 singulis,

234 3237 291 3337 [et
302 3237 579 3336 gaudentibus]
603 3236 641 3310 in
657 3236 807 3310 nomine
823 3237 962 3310 domini
980 3238 1093 3310 nostri
1115 3239 1196 3310 Iesu
1214 3238 1352 3310 Christi

233 3346 392 3418 surrexit
420 3343 624 3428 incolumis,
657 3360 695 3416 et
723 3345 795 3416 huc
823 3361 937 3441 atque
957 3344 1040 3417 illuc
1061 3346 1184 3443 coepit
1203 3347 1348 3442 perdo

220 3450 407 3525 'micilium
423 3451 638 3525 ¹ambulare.

155 3586 199 3650 25
313 3563 375 3636 66.
433 3558 610 3651 Quodam
629 3584 720 3631 vero
739 3574 910 3654 tempore
926 3585 1010 3631 cum
1032 3558 1213 3631 Narnium
1234 3558 1352 3632 venis·

233 3681 290 3757 set
308 3664 363 3737 vir
378 3664 451 3737 Dei
472 3664 705 3757 Franciscus,
723 3682 760 3738 et
780 3666 918 3739 ibidem
939 3666 1071 3738 diebus
1090 3664 1258 3763 pluribus
1277 3690 1353 3738 mo·

232 3788 385 3858 raretur,
407 3770 463 3844 vir
482 3770 634 3867 quidam
655 3773 824 3846 eiusdem
846 3773 1013 3857 civitatis
1038 3773 1189 3844 nomine
1209 3773 1350 3857 Petrus,

231 3877 457 3975 paralyticus
486 3880 523 3950 in
552 3879 650 3952 lecto
671 3880 827 3954 iacebat.
886 3880 961 3972 Qui
982 3905 1049 3975 per
1068 3879 1233 3976 quinque
1254 3904 1353 3951 men-

230 3984 326 4057 sium
364 3985 525 4083 spatium
564 3986 615 4059 ita
650 3985 718 4058 luit
745 3986 913 4059 omnium
948 3987 1201 4059 membrorum
1230 3985 1354 4060 officio

303 4194 327 4249 6.
348 4196 376 4249 M
395 4196 469 4249 Dum
553 4211 578 4266 7,
603 4197 637 4251 Os
658 4198 771 4249 verbum
797 4197 846 4249 Dei
870 4197 1028 4250 Franciscus
1118 4197 1167 4252 AS
1184 4211 1292 4251 sanctus
1312 4198 1354 4257 Fr.

234 4291 274 4329 11.
289 4276 337 4340 05,
351 4275 387 4342 P,
402 4275 422 4328 R
435 4275 512 4329 cuius
590 4292 628 4345 13.
642 4277 689 4329 As
704 4294 752 4330 om,
768 4289 861 4329 tamen
875 4285 897 4330 ct
911 4277 955 4346 leg.
970 4294 1056 4330 annus
1132 4293 1170 4342 14.
1185 4278 1205 4330 R
1220 4278 1353 4331 cunabula

232 4371 274 4424 ¹9·
294 4355 327 4408 M
341 4372 390 4409 om.
409 4356 536 4409 instantia
610 4372 650 4411 22.
671 4356 729 4418 AS,
749 4358 771 4409 B
789 4375 836 4407 oen,
858 4370 883 4409 et
901 4357 1082 4428 gaudentibus
1156 4374 1197 4425 23.
1218 4357 1238 4409 R
1258 4376 1307 4411 om.
1327 4370 1354 4412 et

233 4449 274 4505 25.
288 4435 363 4506 vero]
379 4436 402 4490 Ε
413 4436 487 4489 enim
562 4433 658 4502 25-26.
678 4436 726 4490 As
746 4438 898 4489 advenisset
973 4453 1013 4507 29.
1033 4436 1136 4506 officio]
1158 4439 1186 4491 H
1203 4438 1323 4508 hospitIo
