3142 4875
237 250 336 299 LXXX
658 248 910 299 PROLEGOMEN
914 251 936 297 Α

238 467 314 535 bum
334 466 550 534 diversimode
573 469 728 555 scriptum
752 468 909 551 invenies,
933 492 964 534 v.
992 492 1024 556 g.
1051 468 1170 534 chorda
1200 487 1231 535 et
1249 468 1359 547 corda,

238 572 398 662 Ugolinus
423 593 455 640 et
481 573 677 661 Hugolinus,
708 596 784 640 nam
815 574 890 640 licet
910 578 1047 641 'summa
1075 596 1150 641 cum
1181 575 1359 641 attentione

238 679 313 747 ioiia
338 681 492 768 impressa
519 677 636 747 fuerint
654 681 769 761 revisa,
787 679 945 747 nonnulla
960 679 1141 768 effugerunt
1168 699 1238 747 tum
1265 680 1359 760 mihi,

239 805 308 855 tum
342 786 559 854 eruditissimo
593 786 743 854 Eduardo
768 787 900 868 Bianc0,
923 788 955 854 in
979 787 1193 875 typographia
1218 787 1356 854 Senatus

239 912 427 975 correctore,
448 894 498 978 cni
519 895 635 982 gratias
656 893 797 982 rependo
824 893 992 972 maximas,
1012 916 1079 960 non
1103 892 1210 960 solum
1231 912 1361 981 propter

240 1021 348 1065 curam
368 1000 400 1066 in
427 998 509 1065 foliis
528 1000 715 1082 revisendis‚
728 1001 785 1067 sed
801 1002 899 1067 etiam
917 1020 1046 1088 propter
1077 998 1209 1066 consilia
1232 998 1360 1088 quibus,

238 1107 430 1194 experientia
449 1104 541 1189 duce,
559 1108 701 1175 humane
717 1131 770 1175 me
786 1108 877 1174 iuvit.

306 1209 378 1277 Hiis
398 1229 572 1300 utcumque
601 1212 793 1300 praelibatis,
824 1211 960 1300 Optime
991 1212 1118 1290 Lector,
1138 1229 1203 1278 ate
1228 1212 1360 1278 veniam

239 1334 313 1403 peto
333 1319 358 1384 si
377 1337 449 1386 tuae
464 1321 693 1408 exspectationi
714 1342 782 1386 non
799 1320 1018 1386 satisfecerim.
1065 1319 1157 1386 Ultra
1172 1318 1255 1385 vires
1272 1316 1361 1384 labo·

239 1445 308 1489 rem
323 1426 525 1512 insumptum
540 1425 670 1493 tandem
688 1426 850 1514 complere
865 1429 955 1514 potui
980 1445 1011 1492 et
1033 1423 1134 1492 finem
1158 1423 1240 1491 facio
1263 1422 1361 1490 verba

239 1527 392 1598 Thomae
424 1532 464 1599 de
492 1532 616 1602 Celano
645 1556 814 1622 usurpans:
848 1532 1027 1601 «Obsecro
1054 1552 1183 1620 propter
1214 1553 1361 1598 amorem

241 1640 385 1727 pauperis
400 1639 564 1722 Crucifixi,
579 1661 611 1707 et
627 1664 681 1729 per
696 1663 784 1708 sacra
795 1642 947 1729 stigmata
959 1640 1040 1720 eius,
1052 1662 1134 1727 quae
1147 1638 1258 1706 beatus
1274 1658 1363 1726 pater

239 1746 427 1814 Franciscus
450 1748 587 1836 portavit
606 1749 638 1814 in
668 1770 801 1837 corpore
830 1769 902 1828 sno,
922 1749 1089 1814 universos
1114 1748 1175 1813 ista
1207 1746 1362 1834 legentes

239 1851 385 1920 videntes
401 1873 432 1921 et
452 1854 628 1938 audientes,
644 1874 678 1923 ut
699 1877 807 1922 coram
834 1856 906 1922 Deo
934 1855 998 1921 mei
1018 1854 1226 1920 meminerint
1249 1874 1361 1941 pecca-

239 1961 326 2028 toris.
373 1965 490 2029 Amen.

310 2067 527 2135 «Benedictio
543 2088 574 2136 et
598 2068 704 2136 honor
728 2087 759 2136 et
778 2068 885 2134 omnis
905 2067 973 2134 laus
988 2068 1029 2134 sit
1048 2066 1108 2133 soii
1125 2066 1259 2154 sapienti
1275 2067 1363 2146 Deo,

239 2175 293 2262 qui
313 2173 352 2241 ad
369 2174 507 2263 gloriam
522 2199 615 2243 suam
630 2199 757 2263 semper
773 2174 884 2242 omnia
899 2176 933 2257 in
951 2174 1102 2241 omnibus
1126 2172 1363 2261 sapientissime

238 2276 395 2368 operatur.
443 2285 561 2350 Arnen.
608 2286 725 2350 Amen.
771 2283 879 2349 Amen
892 2309 923 2348 n.

346 2430 463 2500 Romae,
484 2446 513 2498 25
536 2430 608 2498 maii,
628 2431 655 2484 in
675 2429 746 2486 festo
766 2429 968 2485 Translationis

409 2519 539 2590 Corporis
554 2521 581 2574 S.
593 2521 622 2574 P.
633 2521 666 2576 N.
678 2521 813 2575 Francisci
830 2534 905 2590 1905.
