3142 4875
631 371 736 419 annu
764 371 951 420 annuoscr
1273 371 1346 439 411

231 616 355 673 oraret
382 601 533 673 beatum
564 601 816 681 Franciscum,
848 601 1039 698 pristinam
1066 601 1351 676 familiaritatem

231 707 1348 806 commemoransadtactumsepulcrieiusexstititliberatus

317 838 400 907 139.
429 814 649 888 Albertinus
677 815 724 887 de
753 815 906 898 Narnio,
938 815 1075 889 amisso
1095 815 1234 890 lumine
1262 842 1353 891 ocu-

230 919 360 1004 lorum,
375 922 563 1018 palpebris
580 920 762 1018 usquead
776 948 896 1020 genas
911 922 1222 1018 dependentibus,
1240 926 1350 997 beato

188 1055 203 1121 5
231 1028 432 1101 Francisco
459 1055 501 1101 se
529 1054 681 1113 vovens
713 1029 909 1102 illuminari
939 1030 1074 1103 meruit
1101 1046 1139 1104 et
1167 1031 1302 1108 sanari.

317 1157 399 1226 ¹40·
423 1135 570 1208 Iuvenis
590 1136 751 1232 quidam,
770 1136 869 1209 Villa
884 1137 1044 1218 nomine,
1064 1139 1255 1211 ambulare
1276 1163 1349 1211 non

230 1257 379 1337 poterat
393 1267 516 1339 neque
526 1242 640 1340 loqui.
683 1244 753 1315 Pro
768 1269 843 1340 quo
862 1260 988 1324 mater,
1003 1244 1087 1317 fidei
1099 1262 1188 1317 voto
1204 1270 1349 1318 ceream

232 1349 432 1446 imaginem
463 1349 611 1434 iaciens
649 1350 698 1424 ad
735 1337 933 1423 locum'in
971 1377 1046 1447 quo
1074 1353 1207 1424 beatus
1244 1368 1352 1449 pater

231 1454 451 1529 Franciscus
479 1457 688 1554 requiescit,
721 1482 963 1555 magnacum
984 1459 1192 1532 reverentia
1219 1458 1351 1556 depor-

165 1590 203 1637 ιο
232 1562 331 1635 tavit.
391 1563 501 1657 Quae
529 1565 680 1636 domum
700 1565 921 1662 regrediens
939 1565 1193 1640 ambulantem
1214 1567 1352 1662 reperit

230 1667 344 1743 filium
373 1685 411 1743 et
438 1671 665 1768 loquentem.

316 1800 398 1868 141.
418 1778 544 1850 Homo
560 1778 722 1875 quidam,
741 1779 776 1850 in
793 1777 1010 1875 episcopatu
1032 1780 1183 1863 Perusii,
1202 1781 1351 1876 loquela

229 1899 268 1956 et
294 1885 411 1957 verbo
438 1885 605 1981 privatus
633 1887 796 1971 omnino,
828 1911 977 1982 semper
1013 1912 1056 1959 os
1092 1888 1214 1959 serens
1242 1912 1351 1985 aper·

228 2006 317 2075 tum,
350 1991 574 2064 horribiliter
607 1992 803 2071 oscitabat.
872 1994 1048 2067 Habebat
1084 1993 1183 2066 enim
1222 2010 1352 2092 guttur

164 2108 198 2172 15
229 2097 337 2171 valde
356 2099 538 2171 tumidum
559 2115 597 2171 et
617 2098 794 2173 inflatum.
854 2100 1026 2198 Cumque
1050 2100 1283 2197 pervenisset
1302 2104 1350 2174 ad

228 2205 349 2276 locum
388 2205 449 2277 ubi
489 2204 688 2302 requiescit
724 2207 999 2280 sanctissimum
1029 2233 1175 2304 corpuS,
1207 2224 1245 2281 et
1283 2234 1350 2306 per

227 2313 386 2409 gradum
415 2312 463 2385 ad
492 2313 704 2409 sepulcrum
732 2313 813 2386 eius
841 2313 953 2387 vellet
972 2314 1169 2412 attingere,
1201 2315 1347 2413 sangui·

230 2446 313 2491 nem
344 2420 500 2493 multum
529 2421 695 2494 evomuit
722 2438 761 2494 et
791 2420 998 2519 peroptime
1027 2420 1205 2495 liberatus
1225 2421 1350 2520 coepit

228 2527 328 2623 loqui
358 2543 395 2601 et
422 2553 466 2600 os
495 2527 678 2611 claudere,
697 2553 741 2602 ac
770 2530 866 2602 sicut
894 2528 1045 2626 expedit
1073 2529 1231 2625 aperire.

159 2644 199 2690 20
315 2657 397 2725 142.
428 2634 565 2707 Mulier
601 2635 797 2732 quaedam,
836 2634 997 2734 lapidem
1031 2636 1175 2709 habens
1204 2637 1238 2709 in
1268 2656 1350 2735 gut·

228 2756 320 2824 ture,
351 2766 442 2837 prae
470 2740 583 2815 nimio
612 2742 745 2815 ardore
774 2742 926 2841 linguae
954 2742 1164 2816 ariditatem
1185 2744 1348 2818 incurrit.

228 2848 313 2920 Non
349 2847 447 2920 enim
487 2864 634 2946 poterat
671 2849 780 2947 loqui,
815 2875 887 2922 non
918 2846 1131 2933 comedere,
1147 2876 1269 2948 neque
1297 2851 1352 2924 bi·

227 2955 327 3027 bere.
387 2954 495 3048 Quae
512 2980 607 3039 cum,
626 2954 750 3028 multis
770 2957 1052 3031 medicamentis
1067 2956 1251 3042 adhibitis
1271 2960 1351 3032 nul-

227 3062 302 3132 lum
332 3061 487 3135 sentiret
506 3063 745 3135 commodum
765 3089 833 3136 nec
853 3062 1034 3149 levamen,
1057 3065 1209 3138 tandem
1237 3066 1351 3138 beato

157 3176 195 3242 25
227 3168 429 3240 Francisco
458 3168 493 3242 in
524 3169 637 3242 corde
658 3195 698 3242 se
718 3170 820 3242 vovit
840 3187 877 3243 et
905 3172 1039 3256 subito,
1071 3197 1182 3244 carne
1206 3188 1345 3269 aperta,

227 3273 389 3372 lapidem
419 3301 486 3372 per
514 3291 643 3374 guttur
670 3277 804 3349 emisit.

313 3404 396 3475 143.
429 3382 713 3456 Bartholomeus
732 3384 779 3464 de
800 3400 921 3457 castro
940 3383 1084 3481 Arpini,
1118 3384 1250 3457 Sorani
1274 3385 1349 3482 epi·

227 3504 412 3585 scopatus,
444 3515 512 3587 per
540 3490 776 3587 septennium
805 3491 970 3588 privatus
999 3491 1139 3574 auditu,
1170 3492 1218 3563 ad
1248 3491 1348 3564 invo-

227 3594 413 3669 cationem
444 3596 602 3670 nominis
630 3598 729 3670 beati
758 3599 945 3670 Francisci
977 3599 1097 3694 ipsum
1127 3598 1279 3694 recepit.

156 3713 197 3779 30
314 3726 395 3794 144.
416 3703 455 3774 ln
475 3702 599 3777 Sicilia
616 3703 746 3776 mulier
766 3706 961 3802 quaedam,
981 3705 1028 3776 de
1049 3705 1170 3800 burgo
1191 3705 1346 3785 Plaziae,

226 3808 398 3906 loquelae
427 3810 550 3883 officio
580 3812 733 3907 privata,
757 3812 879 3885 cordis
899 3808 1026 3907 lingua
1055 3811 1204 3882 beatum
1236 3811 1349 3883 Fran·

226 3916 364 3990 ciscum
381 3916 510 4002 oravit,
531 3934 569 3990 et
588 3918 824 3992 desideratae
840 3918 1036 3990 locutionis
1064 3916 1224 4014 gratiam
1255 3917 1348 3989 rein·

225 4024 337 4097 venit.

312 4151 394 4222 145.
427 4132 467 4203 ln
503 4130 643 4228 oppido
682 4131 872 4216 Nicosino,
904 4131 1080 4204 sacerdos
1116 4131 1268 4228 quidam
1300 4132 1348 4205 ad

154 4246 193 4312 35
225 4237 446 4310 matutinum
474 4263 522 4311 ex
552 4263 654 4311 more
684 4239 855 4324 surrexit,
878 4256 916 4311 et
943 4264 964 4310 a
994 4238 1132 4312 lectore
1162 4240 1210 4311 de
1237 4239 1349 4312 bene-

295 4499 319 4553 7.
340 4485 395 4537 ΑΒ
414 4500 464 4536 nec
540 4498 581 4538 22.
601 4484 669 4553 non]
690 4485 744 4537 AB
762 4500 813 4536 nec
