3142 4875
579 363 684 411 uenti
712 361 897 410 FRathsci
1221 361 1294 430 333

183 595 328 690 [etiam]
350 619 482 667 omnes
497 612 686 668 creaturas
706 594 753 665 ad
769 592 918 665 laudem
934 591 1017 672 Dei,
1041 608 1078 664 et
1097 617 1166 688 per
1184 592 1298 664 verba

179 704 363 798 quaedam
393 727 489 798 quae
518 701 605 774 olim
635 716 909 797 composuerat,
940 698 1019 797 ipse
1049 724 1113 771 eas
1140 699 1189 773 ad
1208 697 1298 770 divi-

180 835 268 881 num
296 810 517 882 hortabatur
543 834 721 882 amorem.
780 808 877 880 Nam
911 823 949 877 et
978 822 1134 878 mortem
1166 807 1295 902 ipsam,

179 915 321 988 cunctis
349 915 551 990 terribilem
580 931 618 987 et
646 939 812 998 exosam,
830 913 1049 985 hortabatur
1067 913 1115 984 ad
1135 912 1294 996 laudem,

129 1051 146 1115 5
179 1022 288 1119 eique
316 1022 435 1097 laetus
454 1047 664 1105 occurrens,
686 1022 735 1094 ad
754 1046 861 1093 suum
880 1020 1059 1093 invitabat
1073 1019 1295 1117 hospitium:

179 1129 281 1202 Bene
309 1132 445 1214 veniat,
475 1129 603 1225 inquit.
629 1153 736 1200 soror
754 1152 839 1199 mea
859 1151 969 1199 mors.
1026 1127 1089 1198 Ad
1111 1126 1296 1198 medicum

178 1252 322 1309 autem:
353 1238 555 1320 Audacter,
587 1236 699 1308 frater
734 1235 890 1316 medice,
933 1232 1176 1331 [proximam]
1215 1258 1297 1329 pro·

180 1343 322 1417 nostica
356 1361 525 1426 mortem,
562 1368 659 1440 quae
696 1341 783 1414 mihi
820 1339 889 1413 erit
925 1340 1034 1414 ianua
1060 1340 1170 1413 vitae.
1233 1340 1297 1411 Ad

179 1450 310 1523 lratres
338 1477 446 1524 veto:
470 1451 566 1522 Cum
588 1476 646 1521 me
662 1448 828 1522 videritis
856 1447 904 1519 ad
934 1463 1101 1520 extrema
1129 1446 1293 1544 perduci,

113 1583 150 1630 to
178 1556 274 1629 sicut
292 1584 351 1631 me
381 1558 516 1631 nudius
544 1556 674 1629 tertius
694 1556 834 1628 nudum
853 1553 1007 1635 vidistis,
1030 1553 1082 1626 sic
1103 1579 1162 1626 me
1185 1578 1298 1650 super

178 1663 332 1737 humum
361 1666 549 1763 exponite,
581 1682 628 1758 et
646 1689 714 1761 per
742 1678 819 1733 tam
848 1659 1002 1757 longum
1032 1661 1193 1758 spatium
1223 1660 1295 1732 iam

179 1771 394 1845 defunctum
423 1772 476 1844 sic
505 1773 627 1844 iacere
655 1770 795 1852 sinatis
814 1770 916 1864 quod
935 1768 1043 1840 unius
1063 1767 1207 1839 miliarii
1227 1782 1297 1838 tra·

179 1893 279 1950 ctum
308 1879 471 1952 suaviter
505 1878 589 1974 quis
617 1877 796 1974 perficere
831 1891 971 1972 posset.
1036 1873 1148 1946 Venit
1185 1873 1297 1971 igitur

178 1984 280 2068 hora,
302 2003 341 2059 et
360 1985 503 2059 cunctis
531 1984 566 2056 in
596 2010 682 2056 eum
712 1982 849 2055 Christi
879 1980 1074 2077 completis
1099 1978 1295 2076 mysteriis

108 2117 145 2182 15
179 2091 334 2166 feliciter
360 2093 500 2166 volavit
530 2093 579 2165 ad
607 2093 743 2163 Deum.

602 2249 866 2259 —.-·.-—.—-·

279 2410 451 2502 [Quomodo
476 2409 596 2499 quidam
613 2409 715 2499 frater
733 2406 809 2472 vidit
831 2407 966 2473 animant
987 2407 1081 2471 sontii
1095 2406 1192 2494 patris

582 2502 612 2564 in
636 2499 763 2563 transila
784 2498 883 2585 ipsius.

267 2696 360 2761 Unus
384 2692 477 2760 frater
496 2717 535 2760 ex
556 2692 717 2780 discipulis
743 2693 822 2773 eius,
846 2691 951 2758 famae
975 2715 1041 2758 non
1062 2691 1228 2760 modicum
1245 2718 1297 2760 ce·

176 2783 281 2865 lebris,
303 2782 381 2849 vidit
397 2785 538 2849 animam
557 2783 748 2849 sanctissimi
765 2783 860 2870 patris
877 2783 965 2869 quasi
979 2781 1115 2862 stellam,
1128 2782 1222 2848 lunae
1237 2784 1296 2849 im-

105 2902 147 2949 20
177 2875 381 2940 mensitatem
395 2871 566 2938 habentem
586 2891 617 2938 et
632 2871 709 2939 solis
725 2871 910 2952 claritatem,
925 2871 1185 2957 praetendentem
1200 2895 1297 2960 super

176 2985 275 3050 aquas
299 2961 425 3041 multas,
451 2983 468 3024 a
488 2960 620 3027 candida
644 2960 858 3051 subvect[a]m
875 2959 1041 3041 nubecula,
1062 2980 1149 3028 recto
1168 2963 1296 3028 tramite

177 3054 208 3117 in
233 3051 358 3117 caelum
383 3049 607 3116 conscendere.
655 3051 770 3116 Factus
792 3069 838 3117 est
857 3070 1024 3137 propterea
1040 3071 1214 3118 concursus
1238 3074 1296 3137 po·

176 3141 326 3228 pulotutu
339 3141 525 3217 multotum,
545 3140 742 3207 laudantium
756 3158 788 3205 et
804 3138 1053 3228 glorificantium
1073 3161 1196 3204 nomen
1222 3140 1295 3207 Dei.

177 3230 373 3298 Catervatim
389 3248 455 3295 tota
479 3228 591 3296 civitas
607 3228 718 3295 Assisii
735 3249 766 3294 et
782 3229 889 3294 omnis
907 3228 1059 3295 accelerat
1078 3229 1167 3315 tegio
1188 3227 1295 3295 videre

107 3349 145 3415 25
177 3319 337 3406 magnalia
363 3319 434 3397 Dei,
454 3340 535 3406 quae
562 3319 722 3385 Dominus
746 3315 928 3385 ostenderat
952 3318 984 3385 in
1008 3340 1102 3384 servo
1117 3340 1187 3383 suo.
1236 3317 1296 3383 La·

177 3406 403 3475 mentabantur
425 3406 481 3474 filii
504 3426 593 3474 tanto
618 3428 705 3494 patre
720 3406 833 3484 orbati,
853 3427 884 3474 et
908 3408 996 3494 pium
1020 3406 1124 3473 cordis
1144 3405 1293 3473 affectum

177 3499 314 3564 lacrimis
338 3516 369 3563 et
387 3497 526 3584 suspiriis
549 3495 771 3563 ostendebant.
820 3498 1050 3563 Verumtamen
1077 3495 1219 3561 miraculi
1237 3519 1295 3561 no-

178 3590 258 3652 vitas
281 3587 444 3674 planctum
469 3586 561 3653 vertit
585 3586 617 3653 in
647 3585 781 3653 iubilum
808 3605 839 3653 et
861 3586 984 3653 luctum
1004 3586 1036 3650 in
1061 3584 1293 3652 iubilationem.

177 3676 362 3744 Cernebant
380 3697 494 3764 corpus
518 3675 601 3743 beati
624 3675 718 3762 patris
740 3675 859 3742 Christi
875 3675 1077 3762 stigmatibus
1097 3673 1293 3749 decoratum,

108 3796 148 3860 30
177 3768 208 3833 in
233 3765 342 3832 medio
370 3764 518 3831 videlicet
542 3788 698 3832 manuum
723 3785 754 3831 et
778 3763 898 3852 pedum
914 3765 1024 3851 ipsius,
1041 3785 1108 3829 non
1129 3762 1293 3829 clavorum

175 3855 306 3944 quidem
327 3872 509 3943 puncturas,
525 3853 581 3919 sed
598 3855 684 3943 ipsos
698 3853 807 3920 clavos
832 3877 871 3919 ex
888 3855 956 3919 eius
973 3874 1065 3919 carne
1083 3851 1296 3939 compositos,

176 3948 278 4011 immo
293 3945 377 4011 carni
397 3944 502 4010 eidem
522 3946 661 4023 innatos,
674 3940 747 4009 ferri
761 3959 884 4009 retenta
903 3941 1080 4029 nigredine,
1095 3964 1130 4008 ac
1145 3942 1294 4008 dextrum

176 4034 257 4101 latus
272 4034 429 4120 sanguiue
441 4031 646 4099 rubricatum.
694 4032 780 4100 Caro
799 4032 876 4112 eius,
894 4031 1078 4098 naturaliter
1095 4033 1184 4119 nigra
1197 4031 1295 4119 prius,

251 4274 271 4310 ι.
300 4256 325 4308 Α
344 4272 394 4307 om.
412 4253 493 4307 etiam
585 4269 608 4306 2.
639 4254 671 4305 M
688 4271 735 4306 orn.
756 4253 889 4324 quaedam
983 4270 1007 4321 7.
1025 4230 1054 4307 'A
1074 4274 1123 4309 om.
1143 4256 1294 4325 proximam

180 4352 217 4405 ¹3·
238 4339 258 4391 R
276 4335 368 4404 possit.
389 4332 470 4386 Venit
488 4350 553 4404 ergo
639 4332 704 4398 16-4
720 4336 757 4404 (p.
775 4334 840 4403 334).
861 4336 885 4386 A
906 4353 954 4388 orn.
1000 4334 1041 4405 Cf.
1061 4349 1113 4407 sup.
1132 4349 1157 4407 p.
1176 4338 1295 4413 iro-118,

177 4435 201 4470 n.
220 4436 273 4482 tto,
293 4431 345 4469 112.
420 4429 461 4467 21.
481 4415 512 4468 M
532 4414 692 4467 subvectum
