3142 4875
608 374 712 422 usati
741 374 926 423 rusucrsm
1251 371 1325 443 317

210 480 310 486 ——.,
325 483 329 486 .
351 483 355 486 .
488 482 683 488 —..-..„„,..
711 482 739 488 ..-
1048 482 1326 491 ———————.

210 628 376 676 amorem
404 602 477 676 Dei
508 628 581 675 non
611 603 691 675 sine
719 603 882 699 quadam
911 604 967 675 sui
992 603 1249 677 immutatione
1270 630 1329 677 va-

209 708 309 783 lebat
337 710 476 783 audire.
548 707 681 782 Subito
719 735 882 805 namque
910 710 958 782 ad
995 710 1161 783 auditum
1191 712 1329 784 amoris

208 816 281 890 Dei
311 816 553 900 excitabatur,
593 816 835 899 afficiebatur,
874 815 1181 900 inflammabatur,
1223 819 1329 914 quasi

208 924 351 1021 plectro
379 923 481 997 vocis
510 925 744 997 extrinsecae
773 923 914 996 chorda
934 923 1056 996 cordis
1080 925 1232 997 interior
1251 943 1330 998 tan-

161 1059 178 1123 5
206 1047 371 1128 geretur.
429 1030 561 1104 Talem
582 1056 651 1127 pro
667 1030 919 1125 eleemosynis
939 1056 1092 1104 censum
1112 1031 1245 1104 offerre
1266 1058 1329 1106 no-

206 1136 319 1210 bilem
340 1136 642 1237 prodigalitatem
658 1137 817 1220 dicebat‚
839 1153 877 1209 et
892 1163 968 1218 eos,
986 1137 1049 1234 qui
1069 1137 1191 1211 minus
1206 1139 1326 1236 ipsum

207 1270 320 1340 quam
350 1245 524 1317 denarios
553 1260 779 1343 reputarent,
811 1270 894 1317 esse
923 1243 1172 1323 stultissimos.
1243 1246 1326 1343 Ipse

205 1377 297 1424 vero
317 1353 560 1449 propositum,
583 1352 684 1448 quod
710 1350 907 1423 mundanis
925 1352 1048 1424 adhuc
1068 1352 1259 1424 immixtus
1278 1354 1293 1424 l
1314 1397 1326 1407 ·

207 1476 319 1544 cerat,
341 1459 387 1530 de
409 1484 483 1530 non
512 1457 683 1532 iaciendo
702 1459 889 1554 repulsam
910 1459 971 1531 ulli
1000 1459 1155 1555 pauperi
1185 1459 1326 1554 petenti

139 1590 179 1636 10
207 1581 535 1662 propteramorem
550 1565 635 1648 Dei,
654 1566 831 1661 usquead
843 1582 1001 1639 mortem
1017 1565 1326 1639 infallibiliterob·

206 1672 378 1744 servavit.
422 1673 519 1746 Nam
535 1673 676 1769 petenti
693 1671 808 1745 semel
823 1673 978 1769 pauperi
993 1689 1146 1769 propter
1160 1698 1324 1746 amorem

207 1779 291 1862 Dei,
333 1780 445 1877 [cum]
485 1778 564 1876 ipse
604 1778 692 1852 nihil
726 1779 893 1860 haberet,
933 1778 1121 1851 forficibus
1157 1781 1326 1853 clanculo

207 1887 373 1983 sumptis
414 1885 615 1958 tuniculam
653 1885 780 1982 partiri
819 1886 978 1958 festinat.
1050 1886 1219 1959 Fecisset
1255 1886 1327 1959 boc

206 1991 338 2088 ipsum,
371 1992 437 2064 nisi
468 1994 725 2089 deprehensus
753 2017 776 2064 a
804 1992 988 2074 fratribus,
1010 1992 1082 2066 alia
1110 2018 1326 2089 compensa·

138 2119 175 2185 15
206 2100 308 2172 tione
336 2098 484 2172 lecisset
513 2101 667 2197 pauperi
696 2097 895 2196 provideri.
970 2097 1072 2186 Eius,
1104 2099 1233 2195 inquit,
1263 2098 1326 2196 qui

207 2231 274 2278 nos
303 2205 457 2278 multum
486 2206 635 2290 amavit,
667 2206 823 2278 multum
852 2222 910 2279 est
937 2231 1042 2279 amor
1069 2207 1262 2280 amandus.

276 2519 351 2634 [De
377 2529 561 2600 devotione
586 2531 667 2600 eius
694 2530 747 2600 ad
771 2528 920 2624 angelos
947 2538 982 2600 et
1007 2529 1105 2624 quzil
1127 2554 1251 2601 amore

362 2637 485 2707 sancti
513 2634 718 2707 Michaelis
732 2626 928 2742 factabat}
987 2634 1159 2707 CXLIX.

290 2868 372 2948 197.
403 2848 586 2947 Angelos
618 2849 679 2946 qui
711 2847 905 2922 nobiscum
936 2849 971 2920 in
991 2850 1072 2922 acie
1094 2866 1190 2934 sunt,
1213 2852 1324 2946 quive

132 2984 175 3031 20
205 2957 396 3028 nobiscum
417 2957 609 3029 ambulant
624 2956 659 3029 in
682 2955 806 3029 medio
823 2957 976 3029 umbrae
998 2955 1136 3038 mortis,
1159 2959 1324 3031 maximo

201 3064 451 3136 venerabatur
465 3063 610 3136 aflectu.
667 3062 781 3136 Tales
801 3063 940 3158 ubique
955 3062 1077 3136 socios
1097 3067 1325 3138 reverendos

203 3195 285 3242 esse
313 3169 471 3253 dicebat,
502 3168 596 3243 tales
617 3169 855 3243 nihilominus
879 3171 1108 3243 invocandos
1134 3174 1320 3245 custodes.

202 3277 407 3350 inoffensos
422 3302 552 3349 eorum
572 3293 746 3373 aspectus
766 3302 915 3350 servare
936 3278 1106 3360 docebat,
1129 3304 1198 3351 nec
1217 3304 1322 3376 prae-

201 3408 350 3456 sumere
380 3408 504 3457 coram
533 3383 587 3456 eis
606 3385 708 3481 quod
729 3408 803 3456 non
824 3409 949 3456 coram
970 3383 1182 3457 hominibus
1202 3386 1319 3463 fieret.

131 3517 172 3585 ²5
202 3492 273 3562 Pro
301 3516 348 3562 eo
375 3492 477 3587 quod
505 3489 542 3562 in
571 3506 774 3586 conspectu
795 3492 1015 3589 angelorum
1035 3491 1263 3588 psallebatur
1283 3493 1318 3566 in

201 3598 325 3679 choro,
357 3622 488 3669 omnes
525 3598 587 3693 qui
616 3614 771 3696 possent
809 3598 845 3670 in
882 3600 1082 3671 oratorium
1120 3599 1320 3672 convenire

200 3702 360 3787 volebat,
391 3720 430 3777 et
457 3702 595 3777 ibidem
616 3704 774 3801 psallere
795 3705 993 3802 sapienter.
1052 3705 1209 3777 Beatum
1230 3731 1320 3778 vero

199 3809 434 3892 Michaelem,
466 3837 512 3884 eo
550 3812 651 3907 quod
679 3810 886 3885 animarum
920 3813 1319 3908 repraesentandarum

199 3917 355 3992 haberet
382 3917 556 4003 officium,
596 3943 711 4016 saepe
739 3919 888 3992 dicebat
924 3917 1168 3991 excellentius
1205 3920 1320 3992 hono·

129 4051 171 4118 30
199 4025 367 4098 randum.
429 4025 535 4111 Nam⁸
556 4025 603 4097 ad
631 4025 814 4099 bonorem
844 4025 961 4097 sancti
990 4024 1194 4110 Michaelis,
1225 4027 1322 4099 inter

199 4132 333 4205 festum
362 4131 641 4228 Assumptionis
670 4149 708 4205 et
742 4132 877 4205 festum
914 4130 1005 4216 eius,
1036 4133 1319 4230 quadragenam

272 4356 310 4395 12.
332 4343 499 4395 Aomcum
549 4342 720 4412 Monuipse
798 4358 835 4412 19.
856 4342 1044 4415 quiveJuni
1109 4360 1151 4398 20.
1167 4344 1318 4413 ambulant]

198 4420 375 4492 Rpostulant
449 4419 490 4474 26.
510 4420 541 4472 M
561 4435 670 4491 possunt
