3142 4875
418 920 672 995 LEGENDA
701 920 775 993 AD
806 918 948 992 USUM
978 918 1141 993 CHORI

657 1322 898 1394 Paoonuruu.

306 1532 337 1585 1.
367 1507 527 1605 Rogasti
557 1532 627 1591 me,
659 1506 772 1580 frater
801 1507 1014 1593 Benedicte,
1046 1523 1087 1580 ut
1109 1509 1156 1580 de
1176 1509 1338 1605 legenda

219 1614 424 1687 beatissimi
440 1613 557 1710 patris
577 1613 693 1686 nostri
711 1613 900 1686 Francisci
920 1616 1105 1711 quaedam
1124 1613 1337 1712 exciperem

172 1756 188 1819 5
220 1738 257 1791 et
272 1745 317 1793 ea
333 1722 368 1794 in
387 1746 520 1793 novem
542 1720 743 1793 lectionum
757 1720 892 1793 seriem
913 1721 1135 1804 ordinarem,
1154 1739 1338 1817 quatenus

221 1828 256 1897 in
286 1826 477 1899 breviariis
505 1827 688 1899 deberent
714 1828 807 1900 haec
827 1827 926 1923 poni,
945 1853 1027 1900 cum
1053 1828 1103 1899 ob
1128 1853 1234 1901 suam
1254 1829 1338 1901 bre-

221 1934 373 2006 uitatem
389 1934 437 2005 ab
451 1933 626 2006 omnibus
640 1951 794 2029 possent
809 1934 948 2006 haberi.
993 1935 1082 2007 lieei
1104 1936 1205 2031 quod
1220 1935 1334 2031 potui,

220 2059 257 2111 et
286 2040 373 2135 quia
401 2040 457 2111 vir
485 2040 836 2122 desideriorum'es,
858 2041 994 2114 devote
1024 2041 1127 2137 (licet
1147 2041 1268 2114 minus
1287 2040 1338 2113 di·

219 2142 313 2249 gne)
327 2163 393 2219 tuo
409 2147 645 2243 beneplacito
659 2146 831 2220 satisfeci.
890 2149 982 2220 Peto
1002 2148 1215 2221 mercedem
1230 2148 1338 2220 buius

152 2292 191 2338 10
219 2254 342 2326 brevis
371 2253 507 2325 laboris
536 2270 749 2326 manentem
779 2254 937 2327 fructum
966 2271 1118 2328 sanctae
1146 2253 1334 2328 orationis.

302 2493 334 2540 2.
367 2469 504 2540 beatus
533 2468 754 2542 Franciscus
782 2469 831 2540 de
859 2469 1008 2542 civitate
1028 2469 1160 2542 Assisii
1190 2487 1338 2545 ortusa

218 2574 423 2672 puerilibus
450 2576 558 2649 annis
588 2576 746 2648 nutritus
765 2575 907 2648 exstitit
934 2576 1146 2649 insolenter.
1178 2577 1252 2671 Qui
1272 2602 1320 2650 ne

219 2681 384 2780 gotiator
412 2681 566 2755 effectus
595 2684 671 2756 fere
701 2708 819 2779 usque
843 2685 891 2756 ad
915 2683 1138 2781 vigesimum
1169 2685 1349 2781 quintum.

217 2790 350 2862 aetatis
392 2814 482 2862 suae
531 2814 668 2862 annum
711 2806 861 2887 tempus
902 2815 1008 2864 suum
1046 2816 1141 2864 vane
1175 2792 1338 2865 vivendo

151 2936 186 3001 15
217 2896 458 2992 consumpsit.
516 2896 618 2969 Dum
647 2897 745 2969 enim
777 2896 904 2969 mundi
925 2897 1034 2969 huius
1053 2896 1338 2994 implicamentis

218 3003 337 3076 evolvi
376 3002 509 3076 nullius
544 3004 690 3075 virtutis
724 3004 965 3099 expeditione
1003 3020 1158 3086 curaret,
1191 3004 1338 3077 infirmi·

216 3109 303 3182 tatis
332 3135 416 3182 eum
447 3108 633 3182 Dominus
663 3109 812 3207 flagello
847 3111 1034 3207 corripuit,
1064 3112 1193 3207 sicque
1222 3128 1338 3185 muta·

219 3217 322 3289 tione
350 3217 529 3289 dexterae
558 3215 708 3289 Excelsi
736 3214 861 3288 subito
880 3217 916 3289 in
937 3218 1056 3290 virum
1076 3219 1232 3291 alterum
1253 3213 1360 3291 con!

216 3348 347 3395 versus
361 3340 429 3406 est,
447 3340 485 3395 et
500 3323 547 3396 ad
564 3324 805 3397 mercandum
827 3349 986 3421 regnum
1001 3324 1188 3398 caelorum
1204 3325 1339 3421 spretis

146 3468 189 3515 20
218 3430 326 3503 huius
342 3430 469 3503 mundi
485 3429 622 3502 divitiis
637 3446 717 3503 tota
731 3429 1000 3504 deliberatione
1013 3457 1053 3504 se
1069 3431 1181 3504 dedit.
1239 3431 1338 3504 Ven-

218 3535 311 3609 didit
330 3554 473 3620 cuncta,
496 3562 591 3634 quae
612 3538 750 3622 habuit,
773 3537 953 3611 lucratam
972 3537 1170 3635 pecuniam
1190 3537 1336 3611 cuidam

217 3644 441 3741 presbytero
455 3644 611 3741 pauperi
627 3644 769 3728 obtulit,
783 3670 905 3742 quam,
920 3643 1053 3717 timore
1062 3662 1259 3742 parentum
1276 3644 1338 3718 illo

217 3749 384 3848 recipere
414 3752 646 3833 formidante,
678 3777 803 3824 coram
834 3752 916 3848 ipso
944 3751 1202 3824 incunctanter
1229 3752 1337 3848 proii-

292 3959 315 4009 5.
337 3946 362 3998 A
383 3961 443 3997 eam
528 3961 567 3999 to.
586 3945 671 3999 Pom.
690 3945 778 3998 brevis
855 3961 893 3997 12.
918 3944 1105 4015 Cpuerilibus
1124 3960 1239 4014 operans
1261 3947 1339 3999 annis

220 4039 259 4092 13.
275 4024 316 4078 Fa
331 4041 380 4078 om.
391 4024 424 4077 ad
438 4033 461 4079 et
474 4025 516 4093 lez.
530 4026 693 4094 vigesimum
707 4039 836 4078 octavum
878 4025 900 4076 V
908 4043 956 4078 om.
967 4025 1091 4095 quintum
1151 4040 1242 4094 13-14.
1258 4023 1281 4079 C
1290 4043 1338 4081 om.

216 4105 447 4174 quintum—suae
523 4120 562 4172 14.
578 4106 772 4171 F,Fu,Rom.
786 4120 852 4158 suae
889 4103 1116 4158 Coonr.vivendo
1156 4107 1339 4173 15.Pconsu·

217 4184 267 4235 mit
305 4182 343 4237 Co
359 4185 431 4239 Cum
472 4186 697 4254 mundiJl'vivit
775 4185 813 4239 16.
828 4185 865 4239 Co
879 4186 1014 4239 evolvitur
1049 4186 1075 4239 F
1086 4186 1190 4240 involvi
1229 4187 1339 4242 Cevol·

216 4262 287 4315 vitur
300 4280 352 4316 nec
363 4265 445 4317 ullius
504 4281 542 4331 19.
554 4267 741 4336 mercandum]
752 4265 944 4319 Pmerendum
1002 4280 1097 4335 1940.
1116 4267 1156 4319 Fu
1171 4285 1219 4320 om.
1234 4279 1260 4320 et
1279 4267 1311 4320 ad
1321 4297 1337 4308 -

216 4342 290 4396 dedit
365 4346 451 4398 20.F
467 4361 496 4398 se
514 4346 575 4399 Deo
596 4346 668 4400 dedit
750 4361 792 4399 21.
817 4348 847 4412 F,
862 4347 901 4400 Fa
922 4363 987 4417 ergo
1007 4359 1102 4400 cuncta
1176 4362 1218 4417 23.
1244 4346 1337 4400 formi-

217 4419 314 4491 dante]
336 4422 359 4476 C
378 4438 521 4479 recusante
574 4427 647 4495 ipso]
667 4427 691 4480 F
710 4427 839 4497 episcopo
928 4427 1134 4503 ²3·1‚(r·436)-
1156 4427 1339 4497 Cproiiciens

219 4502 246 4554 in
262 4501 412 4557 fenestram
431 4505 564 4559 ecclesiae
581 4520 711 4576 tanquam
