3142 4875
591 360 696 409 BEATI
724 361 746 410 F
747 360 910 408 RANCISCI
1236 357 1310 434 227

188 608 361 666 sanctus:
392 592 585 665 Honorem
614 591 739 689 potius
766 592 875 665 vobis
902 590 1065 674 exhibui,
1088 592 1177 664 dum
1197 591 1311 666 maio-

192 725 270 772 rem
287 699 479 772 dominum
498 699 688 771 honoravi.
747 697 941 795 Siquidem
960 696 1235 795 beneplacitum
1255 713 1313 771 est

192 807 279 879 Deo
309 806 345 878 in
373 821 604 903 paupertate,
635 820 673 877 et
701 830 746 878 ea
775 805 937 877 maxime
966 830 1063 900 quae
1093 804 1314 877 mendicitas

191 912 400 985 voluntaria
429 928 496 984 est.
553 912 639 1008 Ego
667 927 792 985 autem
831 912 998 1009 regalem
1037 912 1160 984 habeo
1189 911 1312 1008 digni·

143 1049 163 1113 5
192 1035 309 1093 tatem
328 1035 366 1092 et
387 1017 616 1091 nobilitatem
646 1017 844 1115 insignem,
862 1017 963 1089 illum
985 1018 1090 1114 sequi
1106 1018 1312 1090 Dominum

194 1127 257 1222 qui
293 1152 375 1198 cum
406 1141 507 1197 esset
533 1124 647 1207 dives
680 1151 748 1220 pro
777 1125 885 1197 nobis
914 1150 1059 1221 egenus
1095 1125 1214 1197 lactus
1242 1140 1310 1197 est.

193 1233 243 1305 Et
270 1230 431 1305 addidit:
462 1229 589 1303 Plures
608 1229 754 1304 delitias
780 1256 888 1303 sumo
913 1232 961 1302 de
981 1256 1147 1327 paupere
1170 1256 1309 1314 mensa,

193 1365 291 1436 quae
306 1340 430 1435 parvis
445 1337 694 1434 eleemosynis
709 1354 923 1435 occupatur,
938 1363 1049 1434 quam
1066 1340 1113 1410 de
1129 1337 1309 1437 magn[is]

193 1446 231 1518 in
260 1447 394 1542 quibus
423 1445 560 1517 lercula
579 1470 737 1540 quorum
759 1445 822 1517 vix
841 1461 899 1516 est
919 1470 1105 1517 numerus.
1164 1444 1314 1516 Exinde

122 1580 164 1625 ιο
195 1552 393 1649 plurimum
431 1550 649 1625 aedificatus
678 1552 890 1648 Episcopus
918 1551 1011 1624 dixit
1038 1553 1086 1625 ad
1116 1568 1311 1624 sanctum:

194 1659 274 1741 Fili,
306 1659 407 1755 quod
437 1660 575 1731 bonum
605 1675 662 1731 est
700 1659 736 1730 in
774 1658 891 1732 oculis
920 1659 992 1731 tuis
1022 1660 1089 1743 fac,
1121 1658 1209 1755 quia
1237 1659 1315 1730 Do·

195 1766 317 1837 minus
344 1781 467 1838 tecum
488 1781 556 1837 est.

623 1981 890 1989 ————

291 2158 537 2253 [Exlzortateb
564 2161 644 2230 eius
671 2161 724 2230 ad
747 2158 1004 2253 eleemosynam
1024 2157 1222 2252 petendam

467 2275 628 2370 exemplo
656 2284 690 2344 et
717 2273 850 2371 verbo]⁴
910 2271 1045 2343 XLIV.

127 2516 165 2580 ¹5
280 2510 338 2578 74.
378 2488 671 2583 Nonnumquam
707 2513 798 2559 vero
833 2487 997 2583 seipsum
1035 2484 1245 2559 exercitans
1280 2501 1319 2558 et

196 2595 349 2666 fratrum
377 2595 624 2667 verecundiae
653 2619 822 2691 parcens
854 2593 933 2689 ipse
952 2592 1053 2665 solus
1073 2593 1109 2665 in
1136 2592 1318 2689 principio

197 2728 265 2798 pro
285 2702 534 2796 eleemosynis
563 2701 804 2773 discurrebat.
862 2700 1006 2772 Videns
1033 2718 1159 2773 autem
1192 2698 1318 2796 plures

196 2809 433 2881 vocationem
462 2833 567 2880 suam
597 2833 671 2879 non
700 2808 827 2880 debite
846 2808 1096 2890 attendentes,
1118 2808 1234 2878 semel
1254 2806 1316 2879 ali·

197 2916 349 3010 quando
378 2913 489 2987 dixit:
522 2913 712 2987 Carissimi
752 2916 893 2998 iratres
932 2913 1003 2986 Dei
1034 2914 1129 2986 filius
1159 2912 1317 2986 nobilior

127 3045 170 3091 20
199 3021 305 3094 nobis
347 3038 436 3104 erat,
473 3020 535 3117 qui
573 3047 641 3117 pro
681 3022 788 3093 nobis
832 3046 872 3093 se
910 3023 996 3094 lecit
1033 3047 1237 3118 pauperem
1281 3021 1317 3093 in

198 3130 269 3200 lroc
307 3128 457 3200 mundo.
515 3128 593 3200 Suo
637 3153 765 3201 amore
793 3128 890 3200 viam
934 3127 1164 3224 paupertatis
1200 3125 1318 3224 elegi·

198 3262 290 3318 muS,
333 3260 407 3307 non
440 3236 621 3307 debemus
665 3236 840 3306 conlundi
880 3262 948 3331 pro
974 3234 1223 3329 eleemosynis
1252 3234 1317 3307 ire.

197 3342 360 3414 Arrham
382 3339 551 3414 caelestis
571 3342 812 3414 baereditatis
831 3343 1053 3414 erubescere
1081 3366 1318 3438 nequaquam

198 3449 305 3546 regni
322 3448 546 3521 haeredibus
561 3448 746 3521 convenit.
777 3448 876 3521 Dico
890 3450 1008 3533 vobis,
1026 3450 1161 3520 multos
1178 3447 1320 3520 nobiles

127 3580 169 3645 25
199 3572 236 3628 et
264 3555 453 3652 sapientes
492 3573 641 3628 nostrae
675 3555 961 3653 congregationi
997 3555 1217 3651 iungendos
1257 3553 1319 3649 qui

198 3689 266 3760 pro
276 3662 419 3735 honore
430 3663 1067 3758 ducenteleemosynasmendicare.
1100 3661 1178 3732 Vos
1194 3660 1317 3756 igitur,

198 3768 260 3866 qui
290 3768 380 3841 estis
400 3767 543 3841 illorum
563 3768 758 3865 primitiae,
776 3768 963 3842 laetamini
994 3784 1032 3840 et
1051 3768 1225 3864 gaudete,
1250 3791 1319 3838 nec

198 3876 362 3949 renuatis
378 3875 500 3949 lacere
516 3901 612 3971 quae
632 3876 771 3948 sanctis
786 3875 855 3948 illis
871 3874 1040 3947 iacienda
1059 3872 1317 3946 transmittitis.

272 4102 293 4154 3.
315 4086 345 4138 M
359 4085 482 4137 Domino
555 4086 579 4138 8.
600 4085 625 4137 A
646 4101 745 4155 magna
822 4100 860 4153 17.
879 4085 912 4145 L,
934 4085 962 4136 M
979 4081 1155 4153 eleemosyna
1229 4097 1269 4135 20.
1290 4084 1322 4135 M

197 4183 247 4218 om.
266 4182 294 4219 se
