3142 4875
225 571 324 653 dam,
356 597 467 668 quem
497 570 598 667 prius
626 571 663 643 in
691 572 841 644 saeculo
866 589 1030 644 noverat.
1089 570 1270 668 Dixitque
1298 574 1346 646 ad

226 703 333 750 eum:
357 679 497 762 Frater,
520 679 679 775 qualiter
698 694 735 751 te
755 679 894 750 habes?
949 679 1003 750 At
1024 678 1083 751 ille
1103 679 1200 750 malo
1220 679 1347 751 animo

228 783 353 881 coepit
379 784 417 856 in
445 785 637 857 dominum
666 811 773 857 suum
810 784 1008 858 maledicta
1041 810 1257 880 congerere,
1282 783 1344 880 qui

225 892 431 965 abstulerat
464 891 532 963 sibi
565 891 691 963 omnia
724 917 809 963 sua:
841 891 972 965 Gratia
1001 891 1140 964 domini
1168 890 1253 974 mei,
1294 893 1345 964 in·

179 1016 197 1079 5
227 999 315 1093 quit,
355 998 413 1071 cui
451 997 689 1094 omnipotens
725 996 911 1070 Dominus
949 998 1157 1080 maledicat,
1197 999 1343 1070 nonnisi

227 1104 323 1177 rnale
355 1130 414 1176 me
449 1104 581 1177 habeo
653 1105 853 1177 Miseratus
890 1103 1052 1177 animam
1091 1104 1185 1176 illius
1223 1106 1346 1202 magis

225 1236 337 1306 quam
366 1237 511 1307 corpus
544 1237 628 1283 cum
649 1210 685 1282 in
706 1211 794 1282 odio
823 1208 968 1283 mortali
998 1211 1226 1307 persisteret,
1250 1212 1345 1283 dixit

225 1318 259 1390 ei
278 1318 411 1390 beatus
438 1319 677 1390 Franciscus:
709 1318 851 1398 Frater,
883 1317 1079 1416 indulgeas
1107 1318 1260 1390 domino
1279 1335 1345 1391 tuo

223 1448 351 1497 amore
380 1424 464 1508 Dei,
498 1442 537 1496 ut
565 1423 700 1496 liberes
721 1424 883 1496 animam
904 1440 1017 1510 tuam,
1039 1442 1077 1497 et
1096 1450 1179 1497 esse
1207 1425 1344 1522 poterit

154 1550 196 1597 10
224 1531 326 1626 quod
354 1530 434 1627 ipse
462 1533 587 1604 ablata
605 1530 670 1604 tibi
691 1531 872 1603 restituet.
931 1531 996 1603 Sin
1016 1548 1140 1604 autem
1172 1557 1231 1603 res
1259 1547 1344 1604 tuas

223 1636 415 1733 perdidisti
444 1654 482 1710 et
510 1638 673 1711 animam
694 1638 840 1732 perdes.
897 1638 946 1710 Et
966 1638 1044 1710 ille:
1070 1638 1155 1710 Non
1176 1664 1341 1734 possum,

223 1744 284 1828 ait,
315 1744 463 1841 penitus
501 1744 708 1841 indulgere,
749 1744 816 1815 nisi
853 1742 954 1840 prius
992 1744 1123 1817 reddat
1152 1744 1211 1816 ille
1240 1745 1342 1840 quod

221 1850 384 1923 abstulit.
442 1852 580 1923 Beatus
610 1850 831 1923 Franciscus
851 1876 933 1922 cum
955 1851 1111 1923 haberet
1138 1851 1340 1947 quemdam

223 1956 436 2030 mantellum
467 1958 514 2030 ad
544 1958 695 2030 dorsum
725 1957 818 2029 dixit
847 1956 899 2028 ei:
940 1957 1040 2030 Ecce
1068 1957 1118 2029 do
1146 1958 1211 2028 tibi
1243 1944 1355 2029 mans

155 2082 193 2146 15
222 2064 350 2137 tellum
371 2064 500 2148 istum;
526 2068 770 2160 precor[que]
803 2080 843 2135 ut
870 2062 1067 2161 indulgeas
1095 2064 1248 2135 domino
1276 2079 1343 2135 tuo

223 2195 350 2243 amore
366 2171 504 2243 domini
524 2172 608 2244 Dei.
667 2171 895 2243 Dulcoratus
916 2168 974 2242 ille
995 2196 1037 2242 ac
1058 2170 1239 2243 beneficio
1260 2196 1342 2266 pro·

220 2294 386 2362 vocatus,
420 2304 572 2350 munere
602 2294 762 2375 sumpto,
793 2277 935 2349 remisit
963 2276 1124 2349 iniurias.

403 2562 606 2656 [Quomodo
637 2562 798 2656 guidam
835 2564 980 2633 tuut'coe
1016 2563 1164 2633 cum'om

533 2679 702 2773 pauperi
726 2679 856 2773 dedit}
906 2677 1019 2749 LVll.

151 2885 193 2932 20
304 2879 364 2947 90.
395 2857 521 2929 Semel
549 2858 751 2952 aliquando
780 2883 865 2930 cum
893 2883 916 2931 a
944 2882 1111 2953 paupere
1140 2872 1341 2953 peteretur,

223 2962 385 3058 nihilque
415 2965 570 3036 haberet
599 2964 636 3035 in
666 2962 847 3047 manibus,
874 2965 1025 3063 gaidam
1047 2964 1218 3061 propriae
1248 2965 1341 3036 tuni·

222 3095 288 3144 cae
302 3069 434 3143 dissuit
448 3087 486 3142 et
500 3071 654 3167 pauperi
676 3070 860 3167 erogavit.
915 3072 1207 3167 Nonnumquam
1228 3072 1341 3143 etiam

221 3178 270 3250 ob
289 3176 409 3250 simile
437 3203 532 3273 opus
561 3177 753 3250 femoralia
781 3178 904 3250 traxit.
963 3177 1118 3250 Talibus
1137 3204 1228 3275 erga
1249 3204 1344 3275 pau-

221 3309 330 3380 peres
349 3284 527 3357 affluebat
546 3284 695 3380 pietatis
713 3284 930 3369 visceribus,
952 3284 1164 3381 talibusque
1183 3285 1343 3381 vestigia

151 3418 189 3484 25
220 3391 395 3487 pauperis
424 3391 561 3463 Christi
590 3394 887 3488 prosequebatur
915 3392 1118 3465 affectibus.

647 3553 711 3558 .-.-
720 3553 727 3557 .
738 3554 821 3558 --uss-
830 3552 913 3559 ,ηο-

224 3662 424 3762 [Quomodo
449 3676 564 3737 malm
588 3667 748 3738 duorum
761 3668 942 3762 fratrum
958 3667 1127 3761 pauperi
1145 3666 1343 3760 dum'secit

291 3781 466 3874 primum
493 3783 646 3852 Nouum
676 3783 950 3852 Testamentum
978 3781 1077 3877 quod
1087 3782 1178 3876 fuit
1206 3782 1247 3850 t'u
1270 3782 1340 3852 Or-

298 3895 413 3994 mq.
475 3895 606 3967 tum

300 4097 361 4164 91.
393 4074 516 4145 Mater
553 4074 711 4146 duorum
748 4075 902 4147 fratrum
932 4073 1132 4169 aliquando
1160 4073 1263 4145 venit
1291 4075 1339 4146 ad

148 4210 190 4275 30
219 4182 400 4264 sanctum,
420 4178 636 4252 fiducialiter
656 4181 935 4276 eleemosynam
959 4195 1103 4277 petens.
1162 4179 1233 4252 Cui
1255 4206 1340 4254 con-

290 4379 532 4449 2.malo]Mirato
609 4380 797 4451 15.Aprecor
811 4392 839 4432 ut
885 4381 942 4449 tuo]
960 4382 989 4434 ,ll
1002 4381 1063 4434 Deo
1140 4380 1340 4450 18.Mgadiam
