3142 4875
577 340 681 387 BEATI
710 340 729 387 F
733 339 882 387 RaNrtlsc
887 340 895 386 1
1221 340 1238 386 2
1248 337 1266 408 5
1276 336 1294 407 7

170 447 468 456 ———-—--————-
934 450 1118 459 ——-—--.--—
1129 452 1295 458 ..-—--—-

168 569 263 643 tavit
292 595 436 644 moram
466 588 648 656 causatur,
672 575 877 647 dummodo
906 574 974 647 sibi
1004 575 1113 647 cedat
1141 575 1178 647 in
1207 575 1291 648 fine.

169 678 255 750 Hoc
276 694 337 750 est
365 678 463 750 enim
492 705 587 776 opus
615 706 734 762 suum,
758 706 827 754 nec
858 684 948 776 [est]
976 682 1024 754 ad
1053 681 1124 754 alia
1144 681 1204 754 die
1234 707 1296 755 no-

171 800 312 881 ctuque
342 784 530 863 sollicitus.

377 1231 619 1329 [Exemplum
646 1233 769 1303 sancti
793 1242 920 1304 contra
947 1233 1109 1304 nimiam

444 1347 793 1446 familiaritatem}
853 1347 1012 1421 LXXX.

262 1584 345 1651 114.
360 1559 529 1658 Contigit
548 1560 664 1634 semel
679 1589 763 1635 cum
784 1578 935 1636 sanctus
955 1564 1176 1637 Franciscus
1194 1566 1298 1662 [B]e·

176 1668 326 1741 vanium
356 1684 542 1764 pergeret,
565 1694 655 1763 prae
684 1669 874 1743 debilitate
903 1669 1028 1743 ieiunii
1057 1671 1105 1743 ad
1134 1690 1297 1745 castrum

178 1775 374 1872 pervenire
394 1800 467 1847 non
495 1800 616 1871 posse.
676 1775 807 1849 Socius
827 1801 928 1862 ver0‚
951 1777 1063 1850 misso
1094 1780 1230 1852 nuncio
1249 1781 1298 1852 ad

179 1882 379 1979 quamdam
400 1880 628 1977 spiritualem
648 1883 849 1967 dominam,
868 1908 1004 1980 panem
1025 1899 1063 1956 et
1081 1885 1208 1956 vinum
1228 1911 1298 1982 pro

112 2015 151 2061 10
179 2005 310 2062 sancto
329 1988 515 2060 humiliter
528 1987 645 2084 petiit.
704 1989 778 2074 Illa,
803 2006 842 2061 ut
861 1990 1012 2073 audivit,
1031 2017 1116 2063 cum
1136 1991 1209 2064 filia
1228 1993 1299 2064 vir·

179 2098 267 2194 gine
287 2095 373 2167 Deo
392 2095 539 2178 devota,
563 2095 724 2168 cucurrit
742 2097 790 2168 ad
820 2112 1000 2180 sanctum,
1023 2115 1177 2193 portans
1202 2124 1299 2194 quae

180 2202 390 2276 necessaria
405 2217 521 2274 erant.
571 2203 748 2275 Reiectus
763 2220 889 2276 autem
909 2219 1060 2276 sanctus
1079 2220 1117 2278 et
1136 2206 1300 2302 aliquan·

178 2308 295 2382 tulum
317 2310 555 2393 confortatus,
579 2310 694 2381 verbo
721 2310 796 2383 Dei
817 2327 972 2383 matrem
1002 2326 1040 2384 et
1060 2311 1172 2384 filiam
1191 2337 1300 2386 versa

178 2416 260 2490 vice
288 2415 428 2489 refecit.
487 2415 659 2513 Cumque
692 2416 948 2514 praedicasset
976 2418 1128 2502 eisdem,
1161 2417 1297 2492 nullam

115 2548 150 2614 15
181 2524 346 2621 respexit
374 2524 409 2595 in
438 2524 582 2597 faciem.
641 2523 920 2598 Recedentibus
949 2524 1028 2609 illis,
1055 2525 1149 2598 dixit
1176 2528 1299 2599 socius

180 2632 228 2704 ad
257 2656 359 2704 eum:
392 2631 479 2715 Cur,
513 2631 632 2714 frater,
661 2656 734 2704 non
764 2631 961 2729 respexisti
990 2647 1156 2706 sanctam
1186 2634 1300 2731 virgi-

182 2764 278 2823 nem,
300 2763 397 2835 quae
426 2763 510 2809 curn
540 2753 643 2810 tanta
671 2739 872 2812 devotione
905 2740 1009 2813 venit
1035 2741 1084 2811 ad
1112 2740 1172 2813 te?
1230 2741 1298 2813 Cui

180 2862 306 2943 pater:
338 2844 433 2939 Quis
463 2869 537 2917 non
566 2845 721 2918 deberet
749 2847 880 2918 timere
909 2847 1095 2943 respicere
1124 2872 1300 2943 sponsam

182 2951 345 3026 Christi?
410 2951 523 3045 Quod
539 2951 569 3024 si
585 2952 702 3025 oculis
716 2953 954 3050 praedicatur
969 2970 1008 3026 et
1022 2953 1125 3038 facie,
1145 2953 1225 3050 ipsa
1242 2980 1302 3027 me

111 3082 153 3130 20
180 3059 324 3144 viderit,
344 3085 417 3131 non
436 3083 511 3156 ego
531 3057 641 3134 illam.
699 3059 893 3133 Multoties
912 3086 1002 3133 vero
1022 3061 1070 3133 de
1090 3059 1301 3133 huiusmodi

181 3172 339 3268 loquens
367 3165 559 3241 asserebat
586 3169 755 3242 frivolum
788 3170 904 3263 [esse]
935 3192 1047 3241 omne
1076 3166 1301 3264 colloquium

183 3278 355 3360 mulieris,
378 3293 538 3372 excepta
557 3278 637 3349 sola
657 3275 902 3358 consessione,
925 3273 983 3347 vel
1008 3290 1047 3346 ut
1067 3275 1205 3347 assolet
1226 3300 1302 3346 mo·

184 3385 324 3458 uitione
342 3383 570 3457 brevissima.
628 3381 791 3455 Dicebat
810 3381 926 3453 enim:
959 3382 1068 3476 Quae
1089 3397 1175 3453 sunt
1200 3380 1301 3452 fratri

183 3492 320 3564 Minori
340 3518 424 3564 cum
446 3489 598 3563 muliere
616 3489 810 3561 tractanda
840 3489 1003 3586 negotia,
1027 3487 1094 3560 nisi
1116 3513 1200 3559 cum
1219 3511 1302 3558 san-

115 3615 156 3682 25
186 3615 282 3672 ctam
311 3596 588 3695 poenitentiam,
611 3595 670 3668 vel
700 3594 863 3669 melioris
882 3593 980 3666 vitae
1000 3593 1193 3667 consilium
1222 3592 1302 3665 reli·

186 3706 292 3803 giosa
311 3705 492 3801 petitione
512 3701 707 3800 deposcit?

256 3930 280 3969 2.
296 3915 320 3967 A
337 3930 386 3966 om.
402 3925 440 3966 est
452 3921 509 3984 post
524 3930 573 3965 nec
647 3909 707 3976 6-7.
721 3912 745 3963 A
760 3910 917 3963 Mevanium
994 3924 1031 3962 ιο.
1047 3908 1079 3959 Μ
1090 3922 1118 3961 ut
1133 3910 1187 3961 hoc
1204 3908 1306 3961 audivit

188 3995 280 4049 18·20.
305 3993 499 4061 Quis-illam]
527 3993 547 4045 L
574 3991 644 4053 Quis
668 4008 724 4043 non
750 3991 846 4043 timere
871 3990 951 4041 debet
974 4005 1102 4057 sponsam
1127 3987 1238 4053 Christi,
1260 3990 1304 4059 qui

186 4075 281 4127 oculos
300 4074 433 4145 respicere
453 4072 618 4142 praedicatur
631 4083 657 4123 et
673 4069 791 4123 faciem?
806 4069 901 4138 etipse
921 4084 964 4120 me
983 4068 1064 4134 videt,
1077 4086 1133 4122 non
1150 4086 1203 4138 ego
1216 4069 1304 4123 illurn.

187 4161 229 4208 21:
247 4154 271 4206 A
292 4172 339 4207 om.
360 4170 419 4207 esse
493 4167 533 4204 22.
555 4149 587 4201 Μ
605 4168 652 4201 om.
673 4162 701 4201 ut

613 4333 686 4339 .-—-
696 4330 878 4339 ..---———-
