3142 4875
292 579 378 626 vera
416 569 522 649 pater
559 569 597 624 et
633 576 725 622 avus
768 551 871 647 pueri
910 551 945 622 in
983 551 1145 647 quadam
1182 550 1342 623 ecclesia
1376 551 1415 622 in

291 662 432 732 honore
471 659 570 731 beati
610 659 798 730 Francisci
839 675 1053 730 constructa
1087 683 1156 752 pro
1192 682 1304 754 posse
1342 683 1415 729 suo

290 766 556 839 deservierant.
616 764 790 860 Cumque
806 765 999 836 universus
1017 765 1176 859 populus
1196 764 1415 860 suppliciter

291 890 329 946 et
357 873 495 945 devote
523 872 656 943 merita
683 871 781 942 beati
812 871 998 943 Francisci
1033 870 1233 952 invocaret,
1266 889 1415 943 natator

291 979 443 1076 quidam
473 977 601 1074 procul
629 977 792 1060 adstans,
826 976 1050 1050 clamoribus
1077 978 1222 1060 auditis,
1240 977 1411 1050 accessit.
1448 1008 1465 1071 5

292 1087 342 1159 Et
370 1101 563 1181 comperto
592 1100 677 1180 post
697 1083 850 1180 longam
870 1086 1001 1157 horam
1021 1110 1177 1180 puerum
1199 1084 1235 1156 in
1259 1084 1414 1157 flumine

292 1193 483 1272 cecidisse,
516 1193 688 1263 invocato
718 1191 856 1263 Christi
877 1191 1028 1263 nomine
1047 1209 1085 1263 et
1103 1191 1203 1263 beati
1223 1190 1413 1262 Francisci

293 1299 443 1381 meritis,
475 1297 655 1393 depositis
684 1299 850 1369 vestibus
878 1323 919 1369 se
949 1299 1088 1370 nudum
1109 1296 1258 1371 iactavit
1286 1298 1322 1370 in
1347 1296 1413 1369 flu·

293 1431 389 1477 men.
448 1404 523 1498 Qui
553 1430 636 1475 cum
666 1406 789 1476 locum
819 1403 880 1475 ubi
918 1430 1012 1499 puer
1049 1404 1235 1477 ceciderat
1263 1404 1413 1502 penitus

291 1511 491 1608 ignoraret,
512 1512 610 1607 ripas
629 1529 667 1583 et
687 1511 842 1583 fundum
862 1511 1024 1584 fluminis
1044 1511 1115 1582 huc
1135 1529 1172 1583 et
1188 1510 1270 1582 illuc
1286 1512 1413 1608 coepit
1448 1541 1489 1586 10

292 1618 447 1691 sollicite
464 1619 697 1713 perscrutari.
756 1617 928 1689 Tandem
946 1619 1134 1690 voluntate
1147 1618 1272 1689 divina
1287 1617 1412 1690 locum

292 1724 443 1804 invenit,
475 1725 509 1796 in
540 1749 615 1819 quo
644 1726 753 1796 limus
783 1725 818 1796 in
850 1725 1000 1796 modum
1030 1724 1189 1822 sepulcri
1219 1725 1322 1820 pueri
1353 1751 1412 1797 ca-

291 1832 407 1904 daver
421 1832 629 1907 obtexerat.
678 1832 802 1925 Quem
818 1829 1000 1903 effodiens
1019 1849 1057 1904 et
1076 1847 1182 1903 extra
1201 1848 1408 1927 reportans,

291 1938 423 2011 dolens
451 1937 667 2009 defunctum
697 1938 872 2033 inspexit.
927 1938 1027 2011 Sane
1046 1936 1131 2010 licet
1159 1939 1319 2035 populus
1348 1939 1412 2034 qui

291 2045 467 2117 adstabat
494 2042 639 2116 videret
667 2061 854 2117 mortuum
883 2044 1066 2126 iuvenem,
1089 2044 1240 2116 {lenset
1267 2045 1414 2117 eiulans
1448 2078 1485 2140 15

293 2150 531 2223 nihilominus
560 2153 833 2246 proclamabat:
865 2150 1002 2225 Sancte
1040 2151 1249 2232 Francisce,
1294 2151 1415 2224 redde

292 2283 449 2355 puerum
480 2257 574 2353 patri
603 2283 683 2330 suo.
743 2258 881 2330 Beatus
910 2258 1142 2343 Franciscus,
1163 2258 1259 2329 sicut
1286 2283 1334 2329 ex
1363 2260 1415 2330 ef·

293 2366 390 2437 lectu
419 2363 601 2462 apparuit,
634 2363 834 2438 devotione
864 2365 991 2462 populi
1011 2381 1049 2438 et
1077 2363 1250 2461 precibus
1278 2391 1410 2461 provo·

293 2490 407 2555 catus,
440 2497 596 2567 puerum
627 2489 812 2544 mortuum
842 2472 1019 2544 continuo
1053 2472 1254 2545 suscitavit.
1322 2472 1410 2565 Qui,

292 2604 375 2650 cum
406 2579 579 2651 omnibus
607 2579 831 2651 laetantibus
859 2581 998 2674 pariter
1020 2595 1059 2651 et
1088 2579 1307 2652 mirantibus
1335 2605 1414 2651 sur·
1445 2614 1487 2660 20

292 2687 459 2767 rexisset,
492 2685 629 2782 portari
651 2711 690 2758 se
711 2688 758 2757 ad
779 2684 975 2759 ecclesiam
995 2685 1094 2758 beati
1115 2684 1303 2758 Francisci
1324 2711 1414 2783 sup-

292 2791 435 2887 pliciter
465 2791 674 2887 postulavit,
707 2791 812 2863 cuius
840 2818 882 2865 se
920 2794 1104 2865 iuraverat
1139 2792 1262 2891 gratia
1300 2793 1413 2864 susci·

291 2915 420 2970 tatum.

372 3027 433 3096 45.
466 3006 504 3077 ln
536 3005 686 3077 civitate
705 3004 854 3087 Suessa,
877 3006 914 3077 in
939 3006 1021 3077 vico
1040 3004 1102 3101 qui
1123 3005 1186 3077 Ad
1208 3004 1413 3078 Columnas

290 3111 434 3194 dicitur,
466 3112 674 3184 animarum
703 3112 871 3208 perditor
898 3128 935 3184 et
964 3137 1163 3207 corporum
1197 3112 1413 3185 interlector
1441 3144 1479 3207 25

289 3219 460 3290 diabolus
479 3218 989 3314 quamdam'domumdiruit
1009 3234 1046 3291 et
1061 3219 1252 3291 subvertit.
1313 3219 1410 3291 Nam

291 3350 375 3397 curn
407 3324 542 3397 multos
571 3350 720 3421 pueros,
741 3327 803 3421 qui
825 3327 922 3398 circa
942 3326 1113 3397 eamdem
1143 3326 1296 3398 domum
1326 3351 1411 3423 pue·

291 3432 419 3505 rilibus
447 3429 588 3503 lusibus
615 3430 841 3513 alludebant,
873 3430 1055 3529 perimere
1085 3434 1273 3515 niteretur,
1298 3458 1410 3504 unum

292 3557 434 3611 tantum
464 3539 657 3611 absorbuit
687 3538 870 3622 iuvenem,
901 3563 1013 3634 quem
1044 3563 1156 3610 ruens
1183 3541 1318 3611 domus
1354 3565 1410 3611 su·

291 3646 369 3717 bito
399 3645 593 3717 interfecit.
652 3644 729 3717 Viri
759 3662 797 3717 et
827 3644 1010 3727 mulieres,
1029 3646 1169 3717 ruentis
1188 3647 1323 3717 domus
1351 3670 1413 3716 so·
1443 3676 1483 3741 30

292 3754 369 3824 nitu
398 3751 559 3833 excitati,
593 3751 756 3848 undique
775 3767 1028 3837 cucurrerunt,
1051 3769 1088 3823 et
1106 3751 1298 3824 elevantes
1327 3752 1412 3823 hinc

291 3859 377 3931 inde
406 3858 518 3956 ligna,
551 3859 708 3931 miserae
738 3858 844 3931 matri
876 3875 1061 3930 mortuum
1091 3857 1204 3930 filium
1243 3858 1410 3930 reddide-

291 3981 387 4038 runt.
446 3966 555 4058 Quae
576 3965 708 4037 faciem
729 3966 925 4061 crinesque
946 3964 1139 4049 dilanians,
1169 3963 1413 4037 amarissimis

290 4074 433 4168 repleta
453 4073 687 4169 singultibus,
710 4072 944 4145 lacrimarum
966 4070 1103 4145 rivulos
1122 4072 1298 4153 educens,
1316 4071 1413 4143 sicut

211 4199 214 4203 ’
291 4195 438 4273 poterat
467 4180 714 4251 acclamabat:
746 4178 883 4251 Sancte
913 4179 1122 4259 Francisce,
1145 4195 1273 4252 sancte
1298 4178 1409 4250 Fran·
1444 4214 1482 4277 35

291 4283 399 4361 cisce,
431 4284 546 4354 redde
576 4283 662 4355 mibi
692 4284 807 4356 filium
838 4312 971 4357 meum.
1030 4287 1115 4357 Non
1146 4284 1263 4358 solum
1284 4302 1410 4357 autem

293 4390 371 4466 ista,
394 4390 460 4459 sed
489 4407 527 4460 et
555 4414 686 4461 omnes
714 4393 776 4486 qui
805 4392 971 4473 aderant,
994 4407 1068 4463 tam
1097 4392 1163 4462 viri
1193 4417 1304 4487 quam
1335 4416 1411 4462 mu·
