3142 4875
606 324 883 376 PROLEGOMENA
1205 327 1305 376 XXXV

765 429 931 438 -—-—.-.

247 546 356 613 Hodie
378 547 537 636 leguntur
559 545 676 636 ubique
698 547 790 615 initio
810 547 952 637 opusculi
977 547 1065 636 quod
1081 547 1227 636 vulgatur
1246 549 1305 615 sub

175 655 315 721 nomine
345 655 503 743 Lageudae
526 656 616 722 trium
644 654 848 722 Sociorum.(¹)
902 655 988 724 Cum
1020 672 1130 722 autem
1158 678 1194 721 ea
1222 678 1305 744 quae

175 762 327 829 continet
355 763 426 829 talis
457 761 596 849 legenda
620 761 800 850 discrepent
828 761 867 828 ab
890 762 951 830 illis
981 785 1063 850 quae
1087 764 1212 830 nuntiat
1239 764 1304 851 epi·

175 868 274 949 stola,
288 891 356 936 uon
371 870 465 957 pauci
485 868 627 936 iudicant
643 891 716 936 eam
732 890 799 936 non
817 891 885 935 esse
898 872 1077 958 genuinum
1095 891 1176 957 opus
1192 870 1305 937 Socio-

175 998 255 1042 rum
273 975 394 1043 Sancti.
441 975 572 1042 Etenim
595 975 639 1042 illi
659 976 785 1044 dicunt:
811 1001 827 1038 (ι
840 998 896 1062 per
911 975 1048 1043 modum
1066 976 1220 1063 legendae
1237 1000 1305 1044 non

175 1080 375 1155 scribimus..
384 1134 407 1149 ..
425 1083 646 1150 continuatam
659 1081 824 1149 historiam
837 1105 904 1149 non
917 1102 1130 1172 sequentes».
1162 1085 1206 1150 At
1217 1083 1304 1150 nulla

176 1187 240 1254 alia
265 1188 402 1276 legenda
424 1189 588 1256 invenitur
611 1187 725 1257 melius
748 1189 893 1256 ordinata
915 1211 953 1256 ac
984 1189 1046 1271 illa,
1072 1212 1154 1278 quae
1176 1211 1304 1258 summa

176 1317 257 1361 cnm
283 1316 357 1361 cura
375 1292 524 1361 ordinem
547 1315 730 1384 temporum
753 1314 868 1362 servat.
916 1293 1049 1364 Addunt
1072 1319 1107 1363 se
1132 1297 1233 1363 multa
1255 1318 1304 1362 se-

175 1404 265 1471 riose
287 1402 467 1489 relinquere
485 1423 568 1490 quae
590 1403 623 1469 in
644 1402 711 1469 aliis
729 1400 874 1491 legendis
898 1423 974 1471 sunt
992 1404 1104 1491 posita.
1151 1407 1305 1472 Attamen

176 1511 319 1599 plurima
349 1506 493 1577 referunt
514 1531 595 1597 qnae
626 1509 691 1575 iatn
720 1509 884 1598 scripserat
903 1511 1064 1592 Thomas,
1088 1512 1177 1581 cuius
1207 1512 1303 1579 etiam

176 1617 279 1685 verba
302 1635 466 1704 usurpant,
485 1636 518 1682 et
540 1617 599 1683 alia
622 1638 705 1703 quae
725 1639 811 1684 nova
834 1636 909 1684 sunt
930 1640 999 1684 non
1023 1637 1206 1708 congruunt
1230 1641 1305 1685 cum

177 1725 346 1814 promissis
369 1723 402 1789 in
427 1723 570 1810 epistola.
619 1724 704 1812 Ergo
728 1723 920 1812 opusculum
944 1726 1161 1792 communiter
1182 1726 1304 1792 dictum

176 1832 317 1922 Legenda
333 1835 425 1899 trium
444 1830 595 1898 Sociorum
611 1854 678 1898 non
701 1849 749 1899 est
765 1853 847 1919 opus
862 1832 895 1898 in
916 1832 1106 1900 eorumdem
1123 1832 1232 1899 litteris
1248 1854 1304 1899 an·

178 1937 418 2006 nuntiatum.(²)

247 2046 376 2111 Praeter
404 2042 487 2110 hanc
515 2041 701 2130 Legendam
734 2043 794 2110 alia
826 2043 983 2111 habentur
1006 2041 1195 2131 fragmenta,
1222 2066 1304 2132 quae

178 2152 353 2240 vulgantur
385 2150 445 2217 sub
471 2150 564 2218 titulo
590 2148 745 2239 Speculum
770 2152 967 2242 perfectiouis,
991 2171 1023 2217 et
1045 2173 1128 2238 quae
1155 2149 1304 2217 dicuntur

179 2279 328 2347 excerpta
356 2280 397 2324 ex
425 2257 547 2344 scriptis
579 2255 616 2323 fr.
647 2256 765 2323 Leonis
795 2275 828 2323 et
858 2256 993 2324 aliorum
1017 2256 1188 2324 Sociorum
1221 2255 1303 2323 beati

179 2365 352 2433 Francisci.
407 2363 496 2431 Licet
527 2363 590 2430 hoc
622 2385 703 2451 opus
729 2361 824 2430 fuerit
847 2363 1057 2452 compilatum
1087 2383 1231 2452 tempore
1255 2363 1304 2430 in·

181 2492 280 2553 certo,
305 2475 338 2538 in
359 2493 401 2538 eo
425 2491 533 2537 tamen
553 2470 653 2538 multa
672 2454 881 2538 inveniuntur
903 2493 984 2558 quae
1008 2490 1120 2538 notam
1143 2469 1303 2538 authenti·

253 2633 296 2702 (1)
315 2632 358 2685 De
372 2630 485 2702 Legenda
502 2649 514 2702 3
535 2630 590 2685 Soc.
604 2630 769 2685 traditionali
783 2632 890 2702 loquor,
905 2649 968 2684 nam
984 2633 1017 2685 de
1032 2632 1077 2685 illa
1097 2632 1190 2702 paucis
1203 2633 1302 2685 abhinc

180 2721 261 2775 annis
281 2721 362 2784 edita,
374 2733 401 2773 et
422 2722 450 2774 in
469 2737 518 2774 sua
534 2737 598 2773 vera
611 2720 763 2790 integritate
782 2720 905 2775 fabulose
921 2721 1000 2785 dicta,
1014 2720 1093 2774 silere
1105 2736 1305 2793 praeoptarem.

182 2810 212 2863 Si
224 2822 317 2863 tamen
329 2808 459 2862 iudicium
473 2824 566 2862 meum
580 2809 730 2879 requiritur,
742 2809 848 2862 duobus
863 2810 952 2863 verbis
965 2827 1011 2863 me
1024 2810 1175 2881 expediam.
1206 2809 1304 2863 Nullus

181 2898 278 2953 studiis
293 2896 461 2952 franciscalis
473 2897 602 2951 historiae
616 2898 731 2963 deditus,
746 2900 797 2953 nisi
811 2899 929 2968 excipias
942 2899 1089 2952 nonnullos
1102 2901 1147 2969 qui
1162 2900 1305 2969 opiniones

181 2988 379 3059 praeiudicatae
397 2985 605 3056 amplectuntur,
617 2987 679 3040 huic
698 2988 844 3056 integritati
865 2987 945 3041 fidem
961 3001 1083 3059 praestat,
1096 3002 1122 3041 et
1141 3005 1208 3059 opus
1222 2991 1304 3041 musi-

183 3093 257 3139 vum,
276 3093 292 3130 a
311 3076 400 3129 doctis
414 3075 561 3129 editoribus
580 3075 715 3130 laboriose
735 3075 897 3141 confectum,
913 3093 961 3148 pro
976 3077 1098 3147 genuino
1119 3089 1200 3131 tenet.
1242 3077 1304 3130 Hoc

182 3183 266 3219 unurn
280 3165 346 3219 mihi
366 3165 472 3219 videtur
485 3178 605 3219 mentem
625 3166 759 3219 editorum
776 3166 926 3220 declarare:
947 3166 1017 3218 hanc
1032 3165 1174 3234 legendam
1190 3182 1303 3236 compo·

182 3256 271 3321 sitam,
294 3253 317 3307 si
341 3253 406 3325 ipsis
429 3253 594 3307 credendum
616 3267 665 3322 est,
694 3255 726 3307 ad
753 3254 941 3325 corrigendam
964 3254 1040 3307 illam
1068 3271 1149 3325 quam
1177 3254 1302 3308 Thomas

183 3344 324 3416 scripserat
341 3344 416 3397 iussu
433 3343 556 3414 Gregorii
575 3343 624 3406 IX,
643 3359 669 3397 et
687 3360 769 3415 quam
789 3343 835 3397 ille
852 3343 930 3414 Papa,
950 3346 994 3415 qui
1012 3360 1073 3398 cum
1089 3344 1189 3397 Sancto
1209 3344 1304 3397 intima

183 3433 362 3487 familiaritate
377 3432 537 3487 coniunctus
549 3432 645 3497 suerat,
658 3431 866 3487 confirmaverat
880 3446 906 3486 et
921 3445 1064 3485 censuerat
1077 3431 1135 3486 fore
1148 3433 1303 3496 tenendam,

183 3522 211 3578 S.
227 3522 256 3576 P.
277 3522 360 3576 Leoni
379 3520 445 3575 Xlll
461 3520 512 3575 ir.
525 3522 678 3577 dedicatam
699 3523 852 3586 voluerunt,
866 3535 944 3593 atque
963 3523 1051 3575 dicere
1068 3540 1125 3576 non
1139 3523 1304 3585 dubitabant,

182 3610 270 3665 verius
289 3610 343 3663 dici
362 3612 460 3681 poterit
481 3608 607 3681 Legenda
628 3609 727 3664 Leonis
745 3627 827 3681 quam
853 3610 898 3664 illa
925 3609 1014 3663 fratris
1034 3609 1163 3664 Tltomae
1179 3610 1304 3680 Legenda

183 3698 322 3770 Gregoriil
342 3698 421 3770 quasi
436 3698 592 3752 huiusmodi
611 3699 789 3753 dedicationis
809 3701 968 3770 acceptatio,
988 3712 1048 3771 post
1067 3713 1171 3769 septem
1187 3698 1304 3762 saecula,

182 3788 245 3860 quid
263 3788 409 3841 minimum
428 3787 531 3841 valeret
550 3801 644 3841 contra
664 3789 794 3841 iudicium
811 3788 939 3859 Gregorii
959 3789 1033 3842 noni.
1050 3818 1064 3828 -
1082 3789 1119 3841 Lu
1139 3787 1266 3857 Leggendo
1278 3787 1305 3840 di

183 3878 208 3932 S.
227 3880 377 3942 Frnrrccsco,
398 3878 486 3933 scritta
511 3877 543 3931 du
562 3885 599 3931 tre
616 3880 671 3931 suoi
690 3880 831 3949 campagus,
849 3878 995 3946 pubblicum
1016 3888 1061 3948 per
1081 3878 1105 3929 lu
1128 3879 1214 3947 prium
1236 3876 1304 3929 voltu

182 3967 246 4022 uella
268 3984 314 4020 auo
331 3983 397 4020 vcra
415 3966 533 4036 iuugritri
552 3965 596 4018 dai
619 3964 698 4018 Padri
723 3965 918 4019 Mancettruo
945 3967 979 4018 da
1008 3966 1121 4020 Civezza
1151 3981 1166 4017 e
1191 3963 1303 4018 Teolilo

182 4056 408 4110 Dounnrcrrettt
427 4054 470 4107 dei
488 4053 598 4107 Minori.
618 4054 716 4119 Roma,
730 4055 815 4126 '¹⁸99-

252 4143 296 4211 (α)
306 4142 383 4196 Haec
394 4142 483 4212 potius
495 4142 648 4196 indicantur
658 4158 739 4213 quam
753 4144 925 4196 evolvuntur.
962 4141 1059 4195 Varias
1073 4141 1215 4212 opiniones
1226 4159 1305 4212 expo

182 4232 224 4287 sui
235 4244 262 4286 et
280 4247 373 4285 meam
385 4230 447 4285 dedi
459 4231 487 4284 in
505 4230 693 4285 dissertatione
710 4232 747 4286 Lo
769 4231 881 4302 Legenda
896 4231 924 4285 de
943 4232 1017 4286 Saint
1032 4231 1155 4296 Francois
1174 4230 1221 4284 dite
1243 4230 1305 4284 eder

181 4323 241 4375 uois
258 4331 461 4392 compegimus».
478 4348 494 4360 ·
509 4319 603 4374 Etudrs
620 4320 820 4384 franciscuiucs,
839 4334 857 4373 t.
878 4319 940 4385 VH,
959 4338 984 4391 p.
1004 4317 1070 4385 46ι;
1090 4333 1108 4371 t.
1129 4317 1204 4381 VHl,
1225 4335 1249 4388 p.
1270 4333 1304 4386 29

182 4420 209 4463 et
225 4424 260 4464 88.
