3142 4875
243 654 304 725 De
322 653 488 725 moribus
503 653 683 747 fratrum
699 652 984 747 famulantium
1006 663 1129 725 sanctu
1155 653 1370 734 Francisco,

351 779 385 841 et
402 767 570 864 qualiter
587 769 662 862 ipse
680 767 892 863 disponebat
916 769 1137 839 conversuri.
1195 767 1258 839 Vl.

333 1006 416 1055 102.
435 972 540 1055 Haec
569 984 645 1055 lere
666 1008 733 1078 per
753 983 848 1055 duos
868 1008 987 1055 annos
1007 982 1043 1054 in
1063 983 1164 1055 omni
1184 984 1370 1079 patientia

247 1105 285 1162 et
320 1089 528 1162 humilitate
565 1088 748 1172 sustinuit,
781 1089 817 1161 in
855 1089 1027 1162 omnibus
1069 1089 1211 1187 gratias
1246 1116 1370 1187 agens

196 1209 216 1276 5
246 1197 343 1270 Deo
401 1196 478 1268 Sed
507 1212 547 1267 ut
575 1196 654 1292 ipse
683 1195 834 1268 liberius
871 1221 977 1269 suam
1007 1195 1250 1269 intentionem
1280 1197 1368 1269 diri-

246 1330 338 1401 gere
366 1320 495 1400 posset
523 1304 569 1374 ad
600 1304 735 1385 Deum,
769 1318 807 1375 et
841 1304 1034 1375 beatarum
1065 1303 1300 1376 mansionum
1331 1304 1368 1375 in

246 1412 351 1483 caelo
371 1411 586 1506 positarum,
610 1410 825 1505 frequenter
845 1427 969 1482 mente
989 1410 1188 1494 excedens
1212 1411 1368 1483 circuire

246 1533 374 1613 posset
401 1542 445 1590 ac
474 1517 620 1611 ingredi
650 1516 828 1595 officinas,
852 1533 890 1588 et
908 1516 944 1588 in
973 1516 1203 1613 pinguedine
1223 1517 1369 1614 gratiae

247 1650 379 1717 coram·
402 1622 654 1720 placidissimo
682 1639 720 1694 et
749 1622 986 1695 serenissimo
1007 1624 1263 1695 universorum
1284 1624 1370 1696 Do·

175 1753 217 1798 10
247 1731 349 1803 mino
377 1757 417 1803 se
447 1730 483 1801 in
512 1728 734 1802 caelestibus
761 1746 1015 1824 praesentare,
1044 1731 1267 1825 quibusdam
1296 1732 1365 1803 fra·

245 1837 372 1919 tribus,
396 1836 528 1909 merito
557 1835 625 1908 sibi
653 1834 764 1909 valde
792 1836 947 1920 dilectis
970 1837 1208 1910 commiserat
1237 1862 1365 1909 curam

245 1944 312 2016 sui.
371 1944 488 2016 Erant
507 1944 607 2015 enim
628 1942 676 2014 illi
705 1942 773 2014 viri
803 1943 990 2027 virtutum,
1017 1944 1142 2015 devoti
1167 1944 1264 2028 Deo,
1290 1945 1367 2039 pla·

245 2066 373 2123 centes
401 2050 549 2133 sanctis
572 2049 726 2145 gratiosi
747 2050 969 2130 hominibus,
993 2075 1105 2146 super
1139 2076 1244 2145 quos
1267 2050 1372 2122 velut
1427 2112 1430 2119 .

244 2159 379 2229 domus
407 2183 519 2252 super
548 2158 740 2228 columnas
768 2173 937 2251 quatuor,
960 2157 1093 2227 beatus
1121 2173 1228 2252 pater
1254 2158 1369 2228 Fran-

174 2291 211 2354 15
245 2264 365 2336 ciscus
402 2254 637 2335 innitebatur.
696 2263 836 2334 Eorum
874 2288 1035 2358 namque
1072 2289 1170 2335 nunc
1216 2263 1369 2336 nomina

244 2370 447 2467 supprimo,
479 2370 643 2465 ipsorum
674 2371 922 2443 verecundiae
951 2396 1119 2467 parcens,
1149 2395 1245 2467 quae
1273 2387 1365 2444 tam-

244 2504 356 2574 quam
376 2476 628 2574 spiritualibus
642 2475 729 2568 viris
758 2477 847 2550 satis
866 2493 923 2566 est
942 2477 996 2549 eis
1016 2477 1204 2550 familiaris
1232 2477 1364 2550 amica.

254 2586 501 2657 Verecundior
529 2587 671 2656 bunum.
730 2584 967 2657 Verecundia
996 2585 1095 2656 enim
1117 2585 1283 2657 omnium
1308 2603 1365 2658 est

244 2707 397 2763 ornatus
416 2707 592 2772 aetatum,
617 2691 850 2764 innocentiae
870 2691 987 2776 testis
1009 2691 1209 2788 pudicitiae
1231 2691 1369 2764 mentis

170 2825 215 2870 20
244 2797 670 2894 indicium,.disciplinae
689 2799 807 2895 virga,
831 2796 1002 2893 specialis
1026 2799 1147 2894 gloria
1176 2800 1369 2871 conscien-

243 2906 327 2988 tiae,
347 2906 468 2977 samae
489 2923 614 2976 custos
635 2921 672 2976 et
689 2906 804 2977 totius
818 2905 1026 2976 honestatis
1041 2905 1199 3001 insigne.
1259 2905 1366 2977 llaec

190 3091 193 3096 ,
244 3012 360 3084 virtus
388 3013 638 3084 adornaverat
666 3012 767 3096 istos,
790 3013 883 3083 haec
903 3012 1083 3085 amabiles
1103 3029 1140 3084 et
1161 3013 1369 3083 benevolos

244 3143 309 3190 eos
329 3119 513 3191 reddebat
539 3117 761 3202 hominibus,
785 3119 878 3191 haec
899 3118 1025 3214 utique
1046 3119 1167 3215 gratia
1192 3119 1368 3190 omnibus

244 3240 324 3296 erat
339 3225 557 3306 communis
581 3225 648 3295 sed
664 3224 833 3322 singulos
849 3226 965 3297 virtus
980 3226 1128 3322 singula
1148 3226 1363 3297 decorabat.

172 3354 214 3418 25
244 3331 335 3405 Erat
363 3358 459 3404 unus
497 3330 731 3403 discretionis
768 3331 1002 3428 praecipuae,
1034 3331 1127 3404 alter
1162 3332 1367 3427 patientiae

244 3437 451 3535 singularis,
484 3438 673 3535 gloriosae
701 3437 945 3534 simplicitatis
965 3437 1068 3518 alius,
1092 3439 1261 3535 reliquus'
1275 3465 1368 3510 vero

245 3546 450 3617 secundum
471 3545 637 3640 corporis
655 3543 753 3617 vires
773 3546 948 3617 robustus
968 3562 1006 3617 et
1025 3548 1231 3617 secundum
1251 3544 1363 3617 animi

315 3756 518 3825 2.Hom,ipse
551 3813 554 3818 ¹
594 3772 615 3820 3.
636 3754 723 3823 Haec]
743 3755 840 3815 asic,
864 3756 897 3808 Os
915 3755 973 3806 lloc
1046 3771 1072 3820 4.
1093 3755 1368 3808 Eum.inornuibus

247 3851 269 3902 ς.
288 3837 308 3889 R
327 3854 375 3888 om.
397 3847 425 3888 ut
502 3825 559 3904 5-6.
576 3835 690 3903 dirigere
710 3835 811 3903 posset]
831 3835 876 3887 AS
895 3848 1005 3904 poneret
1077 3835 1101 3888 6.
1119 3835 1306 3901 mansionum]
1322 3836 1368 3888 AS

244 3915 376 3968 visionum
470 3932 518 3984 12,
533 3917 556 3979 P
577 3926 603 3966 et
630 3916 720 3967 devoti
778 3915 812 3968 Os
831 3916 923 3966 devoti
940 3915 1069 3978 Domin0,
1087 3915 1176 3967 dilecti
1199 3915 1310 3983 angelis,
1331 3915 1366 3984 pl.

248 4009 284 4063 13·
309 3996 354 4049 As
376 3997 462 4048 sancti
588 4011 625 4058 14.
650 3996 759 4063 domus]
786 3997 817 4047 M
838 3994 965 4046 dominus
1035 3997 1070 4048 Os
1092 4014 1139 4047 om.
1166 3996 1265 4048 domus
1287 4012 1366 4064 super

247 4076 388 4144 15.nunc]
409 4076 452 4128 As
470 4092 535 4134 nec;
558 4075 577 4126 R
598 4092 646 4126 om.
708 4091 780 4127 nunc
801 4075 926 4142 nomina]
949 4075 984 4127 Os
1003 4093 1083 4146 super
1104 4076 1194 4127 onmia
1283 4092 1323 4144 17.
1344 4078 1368 4129 Ε

244 4170 291 4204 om.
310 4155 348 4207 eis
387 4156 422 4208 Or
440 4156 467 4206 in
484 4157 522 4206 eis
560 4154 620 4218 AS,
643 4155 677 4207 us
696 4152 760 4206 lam.
775 4168 802 4207 et
822 4155 908 4206 amica
985 4155 1367 4224 19,Prosunt&Romus

244 4232 310 4286 codd.
330 4234 443 4303 pudicae
532 4249 573 4287 20.
594 4233 733 4304 specialis]
757 4235 805 4288 AS
825 4235 967 4304 spiritualis
1021 4235 1117 4303 gloria}
1139 4237 1193 4298 AS,
1216 4237 1256 4288 Or
1278 4236 1365 4305 gratia

245 4314 427 4385 miraque
502 4314 818 4384 aansedhaecslng,
857 4315 1014 4368 ASvinutls
1089 4317 1367 4380 25.ASom.unuset

245 4392 310 4445 alter
383 4393 424 4447 26.
443 4394 524 4463 alius]
545 4395 589 4447 AS
608 4394 676 4446 alius
693 4404 719 4447 et
732 4395 818 4458 alius;
833 4395 860 4446 H
873 4394 969 4464 aliquis
1037 4411 1077 4462 27.
1100 4395 1157 4448 Pet
1177 4396 1326 4449 secundum
1341 4412 1366 4446 c.
