3142 4875
629 349 798 399 LEGENDA
829 349 940 397 PRIMA

545 676 605 747 De
632 675 786 770 leprosis
819 674 1022 746 mundatis.

286 896 369 983 146.
399 894 432 964 l.
464 891 578 987 Apud
607 889 786 964 Sanctum
802 889 1034 974 Severinum,
1057 890 1093 962 in
1109 890 1279 962 Marchia
1298 891 1346 963 de

225 999 397 1081 Ancona,
419 996 562 1070 iuvenis
582 997 733 1094 quidam
754 1013 844 1079 erat,
863 996 1013 1069 nomine
1031 997 1141 1081 Aeto,
1164 995 1227 1093 qui
1245 1012 1347 1070 totus

226 1104 330 1202 lepra
359 1105 516 1177 insectus
544 1103 740 1189 exsistens,
763 1104 992 1176 medicorum
1013 1102 1149 1176 iudicio
1177 1104 1347 1200 leprosus

227 1212 275 1285 ab
303 1211 477 1284 omnibus
505 1211 723 1284 habebatur.
782 1210 922 1283 Omnia
949 1209 1049 1283 enim
1070 1212 1237 1284 membra
1266 1211 1346 1283 eius
1377 1240 1394 1304 5

227 1319 430 1392 tumefacta
448 1333 486 1391 et
515 1317 726 1416 ingrossata
745 1333 862 1401 erant,
885 1333 923 1390 et
942 1317 1163 1390 extensione
1181 1341 1225 1390 ac
1245 1315 1345 1390 infla-

227 1423 329 1498 tione
345 1450 523 1498 venarum
537 1423 812 1497 inconvenienti
827 1439 982 1521 aspectu
1003 1440 1136 1496 cuncta
1155 1424 1343 1497 cernebat.

227 1532 313 1604 Non
328 1546 476 1629 poterat
494 1530 696 1613 ambulare,
715 1531 782 1603 sed
802 1529 839 1603 in
859 1529 957 1603 lecto
971 1530 1218 1627 aegritudinis
1233 1532 1346 1603 miser

226 1638 376 1712 assidue
405 1637 541 1723 iacens,
576 1636 794 1734 parentibus
822 1638 898 1709 suis
933 1635 1102 1710 dolorem
1138 1653 1252 1733 atque
1285 1637 1345 1710 tri-

227 1744 364 1818 stitiam
394 1743 601 1843 ingerebat.
673 1745 782 1816 Pater
807 1769 896 1817 vero
924 1742 1040 1840 ipsius
1069 1744 1197 1817 dolore
1231 1743 1346 1816 nimio
1380 1772 1418 1819 ιο

228 1851 394 1948 quotidie
431 1851 618 1924 sauciatus
653 1849 742 1947 quid
778 1852 826 1922 de
862 1851 944 1947 ipso
980 1865 1112 1947 ageret
1141 1850 1342 1924 nesciebat.

227 1958 400 2032 Tandem
419 1958 522 2031 venit
541 1958 577 2031 in
599 1982 664 2030 cor
678 1983 796 2041 suum,
820 1973 859 2029 ut
880 1958 990 2030 beato
1006 1957 1208 2030 Francisco
1223 1957 1344 2053 ipsum

228 2065 349 2139 modis
377 2066 551 2138 omnibus
578 2066 792 2147 devoveret,
823 2080 862 2136 et
896 2065 948 2137 ait
981 2064 1029 2135 ad
1065 2062 1179 2136 filium
1214 2089 1342 2136 suum:

226 2172 295 2245 Vis
310 2188 357 2256 te,
376 2171 435 2257 fili,
452 2196 592 2245 vovere
603 2187 735 2244 sancto
754 2169 965 2253 Francisco,
979 2172 1042 2266 qui
1062 2170 1186 2243 multis
1206 2171 1344 2267 ubique

228 2296 399 2352 coruscat
428 2277 623 2360 miraculis,
656 2294 695 2350 ut
730 2278 764 2350 ei
798 2278 945 2373 placeat
973 2296 1010 2349 te
1037 2279 1085 2349 ab
1123 2277 1192 2349 hac
1225 2278 1344 2376 aegri·
1377 2306 1416 2371 15

227 2384 356 2458 tudine
381 2384 563 2458 liberare?
592 2385 665 2478 Qui
697 2385 941 2481 respondeus
976 2385 1046 2457 ait:
1085 2383 1192 2470 Volo,
1226 2401 1341 2481 pater.

227 2493 333 2566 Fecit
369 2493 494 2565 statim
526 2509 633 2589 pater
669 2492 749 2566 eius
775 2491 965 2590 apportari
994 2493 1176 2590 papicum,
1212 2508 1250 2564 et
1282 2492 1343 2564 filii

227 2615 368 2672 statura
402 2598 437 2671 in
475 2599 709 2697 longitudine
746 2615 783 2672 et
816 2599 1068 2697 grossitudine
1111 2616 1341 2672 mensurata:

227 2705 343 2804 Erige
372 2722 419 2788 te,
451 2704 579 2802 inquit,
603 2705 663 2788 fili,
685 2722 723 2778 et
750 2707 863 2779 beato
893 2706 1094 2778 Francisco
1122 2722 1158 2777 te
1185 2706 1340 2784 devove.

226 2830 264 2886 et
292 2812 511 2886 liberatione
539 2813 605 2885 tibi
633 2814 782 2897 donata,
815 2810 1007 2886 candelam
1029 2812 1097 2886 sibi
1122 2829 1208 2885 tuae
1228 2811 1345 2911 longi·
1374 2837 1417 2884 20

226 2918 364 2993 tudinis
383 2920 540 3017 singulis
555 2919 675 3003 anniS,
697 2920 786 2991 dum
809 2920 956 3002 vixeris
983 2919 1209 3017 apportabis.
1269 2919 1343 3012 Qui

226 3028 274 3100 ad
303 3025 442 3099 iussum
472 3025 587 3122 patris
616 3043 819 3122 utcumque
847 3053 887 3100 se
916 3026 1077 3125 erigens,
1108 3026 1242 3099 iunctis
1270 3051 1344 3098 ma·

228 3133 344 3216 nibus,
377 3132 501 3230 coepit
529 3134 628 3207 beati
661 3134 849 3206 Francisci
888 3132 1178 3206 misericordiam
1207 3131 1344 3230 suppli-

226 3241 317 3313 citer
345 3240 530 3313 invocare.
588 3239 771 3336 Suscepta
801 3241 926 3336 itaque
955 3265 1129 3312 mensura
1157 3239 1277 3337 papiri
1306 3257 1344 3313 et

226 3346 413 3443 completa
441 3348 608 3420 oratione
638 3345 734 3419 illico
762 3371 785 3418 a
813 3345 915 3444 lepra
941 3362 998 3419 est
1026 3362 1187 3429 sanatus
1212 3363 1250 3419 et
1268 3372 1344 3419 sur·
1372 3371 1415 3440 25

225 3480 331 3551 gens,
363 3454 457 3527 dans
484 3454 643 3552 gloriam
673 3453 758 3526 Deo
786 3469 824 3526 et
851 3456 963 3526 beato
984 3453 1195 3536 Francisco
1219 3453 1344 3550 coepit

226 3586 309 3634 cum
339 3560 479 3659 gaudio
506 3562 708 3634 ambulare.
765 3562 821 3633 II.
844 3559 1049 3633 incivitate
1079 3560 1171 3632 Fani
1200 3558 1344 3634 iuvenis

300 3769 727 3835 r.H,Lom.De-mundatis
810 3769 935 3823 2.LAd
1024 3787 1045 3839 3.
1065 3770 1121 3835 AS,
1143 3770 1178 3824 Os
1198 3768 1286 3828 Octo,-
1306 3771 1342 3834 E,

223 3850 254 3904 H
265 3853 330 3903 Atto
403 3866 427 3914 4.
443 3850 478 3902 Os
491 3861 547 3902 erat
560 3852 689 3902 exsistens
701 3857 723 3902 et
736 3866 783 3901 om.
799 3849 921 3919 leprosus
998 3850 1078 3918 cab]
1099 3850 1143 3903 AS
1162 3852 1189 3902 in
1262 3847 1288 3902 6.
1302 3851 1345 3903 As

222 3929 379 3993 tumefacta,
390 3930 539 3998 ingrossata
612 3946 636 3998 9.
650 3930 684 3983 05
694 3947 743 3985 om.
755 3929 861 3982 assidue
909 3929 966 3982 Pet
976 3930 1130 4000 parentibus
1176 3930 1344 3999 suis]Leius

227 4009 384 4062 1o.Leius
434 4010 525 4064 Rom.
542 4009 629 4061 nimio
705 4024 744 4062 11.
763 4009 936 4072 AS,Hom.
955 4010 1075 4080 quotidie
1152 4026 1189 4075 14·
1211 4011 1246 4064 Os
1264 4009 1343 4062 beato

227 4089 486 4159 15.Rcomplaceat
561 4105 600 4159 17.
613 4089 826 4161 E,LFecitque
875 4090 962 4144 Osom
985 4090 1042 4143 eius
1118 4090 1285 4160 restaura]
1301 4091 1346 4144 AS

223 4178 324 4220 statum
338 4168 452 4231 faciens,·
468 4171 487 4224 R
500 4182 617 4223 statuam
629 4178 652 4224 et
664 4170 708 4240 leg.
723 4171 853 4223 misurata
931 4186 968 4241 ¹9·
983 4170 1096 4241 devove]
1116 4172 1151 4225 Os
1163 4171 1261 4224 devote
1276 4169 1343 4222 offer

225 4262 268 4301 22.
283 4249 317 4300 Os
330 4266 379 4302 om.
394 4249 490 4302 iunctis
564 4251 744 4322 23.Rcoepit
758 4263 905 4322 utcumque
918 4252 944 4304 b.
993 4251 1115 4304 Lsancti
1188 4268 1230 4316 24.
1246 4251 1280 4305 Os
1292 4251 1343 4303 im-

226 4325 337 4395 plorare.
352 4327 531 4399 susceptique
545 4330 581 4383 ita
633 4330 847 4401 PSuperscepta
921 4330 1106 4386 26.Lsancto
1180 4346 1222 4401 27.
1237 4331 1283 4385 AS
1293 4348 1342 4383 om.

226 4419 288 4455 cum
308 4406 407 4473 gaudio
463 4409 497 4462 Os
515 4410 618 4479 gaudiis
674 4410 751 4479 Fani]
772 4411 794 4462 L
815 4411 901 4463 Phara
