3142 4875
620 373 724 421 asari
753 372 939 420 vunucrscr
1264 371 1336 440 373

223 483 587 491 ..-...-----.-.--.-.--.
618 483 764 490 >.——-----
1078 482 1338 489 ——..———

219 608 312 679 dens
341 604 476 703 papale
496 605 749 678 testimonium
770 605 892 676 omnis
912 605 1126 676 assertionis
1156 602 1340 676 excellere

220 714 517 786 instrumentum.
567 711 644 784 Sed
661 711 734 784 iarn
750 711 799 783 ad
815 709 977 806 reliquos
992 729 1234 793 transeamus,
1248 735 1343 807 quos

218 821 266 893 ab
286 819 366 917 ipsa
386 819 492 891 fauce
523 819 654 891 mortis
675 816 816 890 eduxit.

217 1184 277 1253 De
295 1181 375 1253 lzz'z's
392 1207 481 1277 quos
498 1182 645 1276 afaraece
663 1182 795 1252 mortis
814 1183 867 1252 ad
883 1183 1000 1252 vz'lum
1020 1181 1184 1252 reduxit.
1243 1179 1335 1250 VIII.

173 1398 184 1460 5
299 1393 361 1460 49.
393 1369 538 1442 Romae
568 1368 658 1441 civis
679 1369 831 1464 quidam
862 1368 1004 1451 nobilis,
1023 1366 1247 1463 Rodquhus
1277 1391 1339 1438 no·

219 1476 328 1561 mine,
351 1476 481 1549 turrim
511 1476 676 1548 habebat
704 1500 779 1547 uon
805 1473 976 1547 modicae
1003 1473 1217 1556 altitudinis,
1240 1490 1278 1546 et
1303 1473 1338 1545 in

217 1582 306 1655 turri
337 1608 385 1655 ex
406 1608 509 1655 more
539 1582 744 1654 custodem.
804 1582 925 1653 Nocte
951 1581 1112 1677 quadam
1134 1581 1169 1652 in
1190 1580 1339 1652 summi·

217 1706 294 1763 tate
322 1691 433 1762 turris
462 1708 588 1761 custos
617 1689 802 1783 profunde
840 1686 1039 1770 dormiens
1081 1713 1164 1759 cum
1202 1687 1340 1760 iaceret

216 1821 329 1894 super
357 1813 497 1869 struem
528 1795 715 1891 lignorum
746 1796 782 1866 in
812 1793 892 1890 ipsa
929 1794 1022 1866 muri
1052 1792 1241 1890 crepidine
1277 1819 1339 1888 po-

150 1931 187 1974 ro
215 1903 381 1986 sitorum,
399 1902 520 1975 soluta
545 1927 631 1974 mox
653 1901 796 1974 troclea
815 1900 894 1973 sive
915 1900 1030 1973 Iracta
1050 1901 1235 1981 deorsum,
1255 1925 1337 1971 curn

216 2010 305 2105 ipsis
325 2009 436 2106 lignis
463 2009 539 2082 alto
568 2007 787 2105 preacipitio
816 2006 1034 2104 fulguratus,
1059 2006 1094 2078 in
1116 2023 1255 2078 tectum
1276 2032 1338 2102 pa-

215 2115 291 2188 latii
312 2117 460 2200 corruit,
483 2131 522 2188 et
549 2116 597 2188 de
617 2114 699 2211 ipso
718 2113 857 2211 palatio
876 2139 989 2209 super
1014 2129 1162 2186 terram.
1221 2112 1337 2185 Gravi

214 2248 348 2295 somno
368 2239 447 2295 tota
467 2221 603 2295 familia
619 2221 813 2303 excitatur,
832 2237 870 2291 et
890 2218 1099 2292 inimicitias
1114 2219 1334 2315 suspicatus,

215 2329 320 2401 miles
349 2330 479 2426 surgit,
501 2347 666 2401 armatus
686 2327 935 2425 progreditur.
995 2325 1182 2398 Eductum
1208 2350 1337 2397 ensem

150 2465 182 2527 ¹5
214 2462 327 2532 super
356 2436 545 2510 hominem
576 2452 801 2532 prostratum
833 2433 963 2517 vibrat,
985 2431 1115 2506 volens
1139 2450 1335 2530 percutere

214 2543 474 2628 dormientem,
493 2568 605 2639 quem
622 2568 696 2615 non
714 2543 1011 2640 recognoscebat
1027 2541 1232 2612 custodem.
1282 2540 1335 2613 At

215 2675 309 2723 uxor
338 2649 462 2722 militis
491 2674 632 2745 pavens
662 2675 707 2722 ne
737 2649 833 2722 forte
861 2648 974 2721 frater
993 2673 1082 2720 suus
1110 2663 1218 2730 esset,
1251 2673 1335 2719 cum

213 2781 289 2853 quo
318 2757 373 2829 vir
401 2756 481 2830 eius
510 2754 769 2829 inimicabatur
797 2758 844 2828 ad
875 2770 1043 2837 mortem,
1068 2753 1258 2851 prohibuit
1287 2779 1336 2825 ne

215 2863 347 2946 Ieriret‚
371 2890 484 2959 super
512 2879 738 2960 prostratum
759 2888 800 2935 se
821 2878 1062 2958 prosternens
1082 2877 1120 2933 et
1140 2861 1200 2957 pia
1220 2862 1336 2934 tutela

143 2996 184 3042 20
213 2971 430 3043 defendens.
490 2968 670 3042 Mirabilis
699 2968 845 3066 soporis
864 2966 1074 3064 absorptio!
1132 2969 1334 3064 Nunquam

212 3078 260 3148 ad
290 3103 416 3148 casum
454 3078 609 3149 iteratae
651 3076 789 3158 ruinae,
824 3099 1012 3171 nunquam
1050 3077 1097 3148 ad
1128 3073 1334 3146 clamosum

213 3184 407 3280 strepitum
437 3182 589 3280 evigilat
617 3182 817 3254 dormiens.
877 3182 1047 3254 Pulsatus
1075 3182 1226 3254 tandem
1265 3182 1334 3252 sol-

212 3288 311 3362 licita
340 3316 451 3362 manu
480 3289 569 3387 vigil
599 3289 766 3371 efficitur,
798 3303 837 3359 et
857 3288 962 3384 quasi
991 3288 1088 3361 dulci
1119 3288 1244 3384 quiete
1264 3287 1333 3383 pri·

212 3414 329 3481 vatus,
360 3395 453 3469 dixit
481 3398 529 3468 ad
558 3396 751 3468 dominum
780 3421 906 3467 suum:
939 3395 1048 3489 Quae
1077 3393 1182 3466 vobis
1220 3419 1332 3465 causa

140 3529 180 3591 25
213 3520 252 3575 ut
281 3529 339 3575 me
383 3529 481 3576 nunc
523 3502 730 3575 exturbetis
759 3529 781 3574 a
810 3502 967 3573 somno?
1025 3503 1225 3596 Nunquam
1255 3515 1331 3571 tarn

211 3610 374 3682 suaviter
402 3609 507 3692 iacui,
532 3634 617 3681 nam
638 3610 734 3681 inter
753 3608 904 3681 brachia
924 3606 1023 3680 beati
1047 3605 1234 3680 Francisei
1254 3603 1331 3677 dul-

211 3716 358 3788 cissime
379 3716 622 3789 dormiebam.
683 3717 777 3788 Cum
799 3741 889 3787 vero
905 3716 952 3786 de
968 3740 1055 3785 casu
1074 3713 1225 3810 proprio
1246 3713 1332 3784 edo·

211 3838 357 3895 ceretur
384 3824 432 3896 ab
461 3823 552 3905 aliis,
577 3823 670 3894 etin
692 3824 766 3894 imo
795 3847 835 3894 se
866 3821 1019 3903 videret,
1043 3820 1107 3916 qui
1132 3819 1168 3890 in
1189 3817 1264 3890 aito
1285 3819 1332 3890 ia·

210 3949 347 4012 suerat,
370 3946 496 4026 stupet
520 3955 602 4001 esse
624 3929 761 4001 sactum
781 3929 883 4025 quod
904 3926 982 4000 fieri
1004 3952 1078 3998 non
1100 3943 1320 4023 perceperat

135 4064 180 4128 30
210 4036 302 4108 Mox
331 4062 457 4109 coram
487 4035 660 4108 omnibus
689 4034 960 4131 poenitentiam
982 4059 1023 4107 se
1044 4035 1225 4106 iacturum
1246 4058 1333 4128 pro-

209 4142 330 4227 mittit,
362 4161 400 4216 et
428 4169 450 4215 a
478 4142 632 4214 domino
652 4168 721 4214 suo
743 4159 894 4236 recepta
923 4140 1085 4225 licentia,
1116 4138 1330 4237 peregrina-

208 4248 320 4321 tionis
341 4250 410 4322 iter
429 4248 593 4344 arripuit.
654 4249 817 4320 Domina
837 4273 927 4320 vero
949 4244 1145 4343 pulchrum
1161 4248 1331 4319 sacerdo·

282 4492 322 4546 3²·
342 4480 366 4531 A
374 4479 395 4529 B
415 4478 550 4530 Dominus
