<?xml version="1.0" encoding="UTF-8"?>
<!DOCTYPE html PUBLIC "-//W3C//DTD XHTML 1.0 Transitional//EN"
    "http://www.w3.org/TR/xhtml1/DTD/xhtml1-transitional.dtd">
<html xmlns="http://www.w3.org/1999/xhtml" xml:lang="en" lang="en">
 <head>
  <title>
</title>
<meta http-equiv="Content-Type" content="text/html;charset=utf-8" />
  <meta name='ocr-system' content='tesseract 3.04.00' />
  <meta name='ocr-capabilities' content='ocr_page ocr_carea ocr_par ocr_line ocrx_word'/>
</head>
<body>
  <div class='ocr_page' id='page_1' title='image "./sfrancisciassis00dogoog_0359.png"; bbox 0 0 3142 4875; ppageno 0'>
   <div class='ocr_carea' id='block_1_1' title="bbox 593 352 1379 439">
    <p class='ocr_par' dir='ltr' id='par_1_1' title="bbox 593 352 1379 439">
     <span class='ocr_line' id='line_1_1' title="bbox 593 352 1379 439; baseline 0 -21"><span class='ocrx_word' id='word_1_1' title='bbox 593 371 697 418; x_wconf 73' lang='lat' dir='ltr'>sunu</span> <span class='ocrx_word' id='word_1_2' title='bbox 726 370 912 420; x_wconf 75' lang='lat' dir='ltr'>Funucrscr</span> <span class='ocrx_word' id='word_1_3' title='bbox 1237 352 1310 439; x_wconf 86' lang='lat'>267</span> <span class='ocrx_word' id='word_1_4' title='bbox 1376 373 1379 378; x_wconf 89' lang='lat'>·</span> 
     </span>
    </p>
   </div>
   <div class='ocr_carea' id='block_1_2' title="bbox 1042 481 1313 489">
    <p class='ocr_par' dir='ltr' id='par_1_2' title="bbox 1042 481 1313 489">
     <span class='ocr_line' id='line_1_2' title="bbox 1042 481 1313 489; baseline 0 -1"><span class='ocrx_word' id='word_1_5' title='bbox 1042 481 1313 489; x_wconf 69' lang='lat'>——---—-—-</span> 
     </span>
    </p>
   </div>
   <div class='ocr_carea' id='block_1_3' title="bbox 383 708 1119 803">
    <p class='ocr_par' dir='ltr' id='par_1_3' title="bbox 383 708 1119 803">
     <span class='ocr_line' id='line_1_3' title="bbox 383 708 1119 803; baseline 0.004 -25"><span class='ocrx_word' id='word_1_6' title='bbox 383 708 512 800; x_wconf 82' lang='lat' dir='ltr'>[Quod</span> <span class='ocrx_word' id='word_1_7' title='bbox 534 710 676 803; x_wconf 77' lang='lat' dir='ltr'>spiritu</span> <span class='ocrx_word' id='word_1_8' title='bbox 703 709 944 782; x_wconf 81' lang='lat' dir='ltr'>exlce&#39;leretees</span> <span class='ocrx_word' id='word_1_9' title='bbox 970 721 1119 782; x_wconf 77' lang='lat' dir='ltr'>sanetus</span> 
     </span>
    </p>
   </div>
   <div class='ocr_carea' id='block_1_4' title="bbox 495 824 1000 922">
    <p class='ocr_par' dir='ltr' id='par_1_4' title="bbox 495 824 1000 922">
     <span class='ocr_line' id='line_1_4' title="bbox 495 824 1000 922; baseline 0.006 -28"><span class='ocrx_word' id='word_1_10' title='bbox 495 824 633 920; x_wconf 77' lang='lat' dir='ltr'><em>gallice</em></span> <span class='ocrx_word' id='word_1_11' title='bbox 659 825 858 922; x_wconf 57' lang='lat' dir='ltr'>cantabat}</span> <span class='ocrx_word' id='word_1_12' title='bbox 917 825 1000 897; x_wconf 85' lang='lat' dir='ltr'>XC.</span> 
     </span>
    </p>
   </div>
   <div class='ocr_carea' id='block_1_5' title="bbox 131 1035 1320 2602">
    <p class='ocr_par' dir='ltr' id='par_1_5' title="bbox 282 1035 1314 1132">
     <span class='ocr_line' id='line_1_5' title="bbox 282 1035 1314 1132; baseline 0.003 -27"><span class='ocrx_word' id='word_1_13' title='bbox 282 1056 364 1126; x_wconf 89' lang='lat'>127.</span> <span class='ocrx_word' id='word_1_14' title='bbox 396 1037 687 1132; x_wconf 85' lang='lat' dir='ltr'>Nonnumquam</span> <span class='ocrx_word' id='word_1_15' title='bbox 715 1062 806 1109; x_wconf 92' lang='lat' dir='ltr'>vero</span> <span class='ocrx_word' id='word_1_16' title='bbox 826 1035 912 1109; x_wconf 82' lang='lat' dir='ltr'>talia</span> <span class='ocrx_word' id='word_1_17' title='bbox 941 1036 1110 1109; x_wconf 84' lang='lat' dir='ltr'>faciebat.</span> <span class='ocrx_word' id='word_1_18' title='bbox 1170 1035 1314 1108; x_wconf 89' lang='lat' dir='ltr'>Dulcis·</span> 
     </span>
    </p>

    <p class='ocr_par' dir='ltr' id='par_1_6' title="bbox 196 1140 1314 1239">
     <span class='ocr_line' id='line_1_6' title="bbox 196 1140 1314 1239; baseline 0 -25"><span class='ocrx_word' id='word_1_19' title='bbox 196 1142 289 1214; x_wconf 90' lang='lat' dir='ltr'>sima</span> <span class='ocrx_word' id='word_1_20' title='bbox 318 1140 477 1215; x_wconf 88' lang='lat' dir='ltr'>melodia</span> <span class='ocrx_word' id='word_1_21' title='bbox 506 1142 655 1238; x_wconf 91' lang='lat' dir='ltr'>spiritus</span> <span class='ocrx_word' id='word_1_22' title='bbox 684 1143 779 1214; x_wconf 91' lang='lat' dir='ltr'>intra</span> <span class='ocrx_word' id='word_1_23' title='bbox 808 1144 928 1239; x_wconf 93' lang='lat' dir='ltr'>ipsum</span> <span class='ocrx_word' id='word_1_24' title='bbox 949 1143 1130 1215; x_wconf 85' lang='lat' dir='ltr'><strong>ebulliens</strong></span> <span class='ocrx_word' id='word_1_25' title='bbox 1150 1144 1314 1215; x_wconf 86' lang='lat' dir='ltr'>exterius</span> 
     </span>
    </p>

    <p class='ocr_par' dir='ltr' id='par_1_7' title="bbox 150 1248 1314 1351">
     <span class='ocr_line' id='line_1_7' title="bbox 150 1248 1314 1351; baseline 0.001 -30"><span class='ocrx_word' id='word_1_26' title='bbox 150 1288 167 1351; x_wconf 81' lang='lat'>5</span> <span class='ocrx_word' id='word_1_27' title='bbox 196 1248 370 1346; x_wconf 85' lang='lat' dir='ltr'>gallicum</span> <span class='ocrx_word' id='word_1_28' title='bbox 390 1250 504 1322; x_wconf 89' lang='lat' dir='ltr'>dabat</span> <span class='ocrx_word' id='word_1_29' title='bbox 530 1275 674 1332; x_wconf 86' lang='lat' dir='ltr'>sonum,</span> <span class='ocrx_word' id='word_1_30' title='bbox 697 1267 735 1322; x_wconf 88' lang='lat' dir='ltr'>et</span> <span class='ocrx_word' id='word_1_31' title='bbox 761 1275 856 1322; x_wconf 90' lang='lat' dir='ltr'>vena</span> <span class='ocrx_word' id='word_1_32' title='bbox 883 1249 995 1322; x_wconf 89' lang='lat' dir='ltr'>divini</span> <span class='ocrx_word' id='word_1_33' title='bbox 1017 1249 1178 1328; x_wconf 86' lang='lat' dir='ltr'>susurrii,</span> <span class='ocrx_word' id='word_1_34' title='bbox 1202 1275 1314 1347; x_wconf 88' lang='lat' dir='ltr'>quam</span> 
     </span>
    </p>

    <p class='ocr_par' dir='ltr' id='par_1_8' title="bbox 196 1353 1314 1454">
     <span class='ocr_line' id='line_1_8' title="bbox 196 1353 1314 1454; baseline 0.001 -27"><span class='ocrx_word' id='word_1_35' title='bbox 196 1353 295 1427; x_wconf 87' lang='lat' dir='ltr'>auris</span> <span class='ocrx_word' id='word_1_36' title='bbox 323 1356 402 1428; x_wconf 87' lang='lat' dir='ltr'>eius</span> <span class='ocrx_word' id='word_1_37' title='bbox 431 1356 657 1453; x_wconf 87' lang='lat' dir='ltr'>suscipiebat</span> <span class='ocrx_word' id='word_1_38' title='bbox 676 1356 819 1440; x_wconf 75' lang='lat' dir='ltr'>furtive,</span> <span class='ocrx_word' id='word_1_39' title='bbox 842 1356 1017 1454; x_wconf 86' lang='lat' dir='ltr'>gallicum</span> <span class='ocrx_word' id='word_1_40' title='bbox 1039 1358 1258 1453; x_wconf 82' lang='lat' dir='ltr'>erumpebat</span> <span class='ocrx_word' id='word_1_41' title='bbox 1279 1357 1314 1429; x_wconf 93' lang='lat' dir='ltr'>in</span> 
     </span>
    </p>

    <p class='ocr_par' dir='ltr' id='par_1_9' title="bbox 197 1461 1317 1560">
     <span class='ocr_line' id='line_1_9' title="bbox 197 1461 1317 1560; baseline 0 -26"><span class='ocrx_word' id='word_1_42' title='bbox 197 1461 360 1534; x_wconf 84' lang='lat' dir='ltr'>iubilum.</span> <span class='ocrx_word' id='word_1_43' title='bbox 418 1463 580 1559; x_wconf 83' lang='lat' dir='ltr'>Lignum</span> <span class='ocrx_word' id='word_1_44' title='bbox 601 1463 838 1560; x_wconf 87' lang='lat' dir='ltr'>quandoque,</span> <span class='ocrx_word' id='word_1_45' title='bbox 862 1481 902 1535; x_wconf 91' lang='lat' dir='ltr'>ut</span> <span class='ocrx_word' id='word_1_46' title='bbox 922 1463 1038 1536; x_wconf 92' lang='lat' dir='ltr'>oculis</span> <span class='ocrx_word' id='word_1_47' title='bbox 1057 1464 1227 1547; x_wconf 90' lang='lat' dir='ltr'>vidimus,</span> <span class='ocrx_word' id='word_1_48' title='bbox 1245 1463 1317 1537; x_wconf 91' lang='lat' dir='ltr'>col·</span> 
     </span>
    </p>

    <p class='ocr_par' dir='ltr' id='par_1_10' title="bbox 196 1568 1316 1667">
     <span class='ocr_line' id='line_1_10' title="bbox 196 1568 1316 1667; baseline 0.001 -26"><span class='ocrx_word' id='word_1_49' title='bbox 196 1568 338 1667; x_wconf 82' lang='lat' dir='ltr'>ligebat</span> <span class='ocrx_word' id='word_1_50' title='bbox 366 1595 387 1641; x_wconf 90' lang='lat' dir='ltr'>e</span> <span class='ocrx_word' id='word_1_51' title='bbox 416 1586 523 1653; x_wconf 91' lang='lat' dir='ltr'>terra,</span> <span class='ocrx_word' id='word_1_52' title='bbox 556 1571 751 1666; x_wconf 89' lang='lat' dir='ltr'>ipsumque</span> <span class='ocrx_word' id='word_1_53' title='bbox 779 1569 929 1643; x_wconf 88' lang='lat' dir='ltr'>sinistro</span> <span class='ocrx_word' id='word_1_54' title='bbox 957 1570 1110 1642; x_wconf 88' lang='lat' dir='ltr'>brachio</span> <span class='ocrx_word' id='word_1_55' title='bbox 1140 1595 1316 1667; x_wconf 88' lang='lat' dir='ltr'>superpo·</span> 
     </span>
    </p>

    <p class='ocr_par' dir='ltr' id='par_1_11' title="bbox 199 1675 1316 1773">
     <span class='ocr_line' id='line_1_11' title="bbox 199 1675 1316 1773; baseline 0 -25"><span class='ocrx_word' id='word_1_56' title='bbox 199 1702 290 1748; x_wconf 86' lang='lat' dir='ltr'>nens</span> <span class='ocrx_word' id='word_1_57' title='bbox 319 1676 484 1748; x_wconf 86' lang='lat' dir='ltr'>arculum</span> <span class='ocrx_word' id='word_1_58' title='bbox 514 1675 714 1750; x_wconf 84' lang='lat' dir='ltr'>filoflexum</span> <span class='ocrx_word' id='word_1_59' title='bbox 752 1679 904 1749; x_wconf 85' lang='lat' dir='ltr'>tenebat</span> <span class='ocrx_word' id='word_1_60' title='bbox 933 1677 969 1749; x_wconf 91' lang='lat' dir='ltr'>in</span> <span class='ocrx_word' id='word_1_61' title='bbox 1008 1679 1173 1762; x_wconf 86' lang='lat' dir='ltr'>dextera,</span> <span class='ocrx_word' id='word_1_62' title='bbox 1204 1702 1316 1773; x_wconf 91' lang='lat' dir='ltr'>quem</span> 
     </span>
    </p>

    <p class='ocr_par' dir='ltr' id='par_1_12' title="bbox 131 1782 1316 1881">
     <span class='ocr_line' id='line_1_12' title="bbox 131 1782 1316 1881; baseline 0.001 -28"><span class='ocrx_word' id='word_1_63' title='bbox 131 1819 170 1865; x_wconf 89' lang='lat'>10</span> <span class='ocrx_word' id='word_1_64' title='bbox 202 1782 339 1880; x_wconf 86' lang='lat' dir='ltr'>[quasi]</span> <span class='ocrx_word' id='word_1_65' title='bbox 361 1808 474 1879; x_wconf 89' lang='lat' dir='ltr'>super</span> <span class='ocrx_word' id='word_1_66' title='bbox 501 1782 648 1856; x_wconf 82' lang='lat' dir='ltr'>vieilam</span> <span class='ocrx_word' id='word_1_67' title='bbox 677 1785 829 1876; x_wconf 88' lang='lat' dir='ltr'>trahens</span> <span class='ocrx_word' id='word_1_68' title='bbox 849 1808 916 1879; x_wconf 90' lang='lat' dir='ltr'>per</span> <span class='ocrx_word' id='word_1_69' title='bbox 944 1784 1097 1881; x_wconf 87' lang='lat' dir='ltr'>lignum,</span> <span class='ocrx_word' id='word_1_70' title='bbox 1121 1799 1159 1855; x_wconf 91' lang='lat' dir='ltr'>et</span> <span class='ocrx_word' id='word_1_71' title='bbox 1177 1784 1225 1854; x_wconf 91' lang='lat' dir='ltr'>ad</span> <span class='ocrx_word' id='word_1_72' title='bbox 1246 1784 1316 1854; x_wconf 89' lang='lat' dir='ltr'>hoc</span> 
     </span>
    </p>

    <p class='ocr_par' dir='ltr' id='par_1_13' title="bbox 199 1889 1318 1987">
     <span class='ocr_line' id='line_1_13' title="bbox 199 1889 1318 1987; baseline -0.002 -26"><span class='ocrx_word' id='word_1_73' title='bbox 199 1905 328 1987; x_wconf 85' lang='lat' dir='ltr'>gestus</span> <span class='ocrx_word' id='word_1_74' title='bbox 349 1905 634 1985; x_wconf 86' lang='lat' dir='ltr'>repraesentans</span> <span class='ocrx_word' id='word_1_75' title='bbox 655 1890 821 1974; x_wconf 90' lang='lat' dir='ltr'>idoneos,</span> <span class='ocrx_word' id='word_1_76' title='bbox 833 1889 967 1987; x_wconf 83' lang='lat' dir='ltr'>gallice</span> <span class='ocrx_word' id='word_1_77' title='bbox 985 1891 1161 1964; x_wconf 89' lang='lat' dir='ltr'>cantabat</span> <span class='ocrx_word' id='word_1_78' title='bbox 1176 1889 1223 1961; x_wconf 92' lang='lat' dir='ltr'>de</span> <span class='ocrx_word' id='word_1_79' title='bbox 1238 1890 1318 1961; x_wconf 91' lang='lat' dir='ltr'>Do-</span> 
     </span>
    </p>

    <p class='ocr_par' dir='ltr' id='par_1_14' title="bbox 200 1995 1319 2092">
     <span class='ocr_line' id='line_1_14' title="bbox 200 1995 1319 2092; baseline -0.002 -24"><span class='ocrx_word' id='word_1_80' title='bbox 200 1997 310 2068; x_wconf 90' lang='lat' dir='ltr'>mino.</span> <span class='ocrx_word' id='word_1_81' title='bbox 367 1995 683 2069; x_wconf 88' lang='lat' dir='ltr'>Terminabantur</span> <span class='ocrx_word' id='word_1_82' title='bbox 711 2013 789 2069; x_wconf 85' lang='lat' dir='ltr'>tota</span> <span class='ocrx_word' id='word_1_83' title='bbox 809 1997 902 2068; x_wconf 88' lang='lat' dir='ltr'>haec</span> <span class='ocrx_word' id='word_1_84' title='bbox 923 1996 1086 2092; x_wconf 88' lang='lat' dir='ltr'>tripudia</span> <span class='ocrx_word' id='word_1_85' title='bbox 1105 1997 1319 2092; x_wconf 76' lang='lat' dir='ltr'>frequenter</span> 
     </span>
    </p>

    <p class='ocr_par' dir='ltr' id='par_1_15' title="bbox 200 2095 1317 2199">
     <span class='ocr_line' id='line_1_15' title="bbox 200 2095 1317 2199; baseline -0.001 -26"><span class='ocrx_word' id='word_1_86' title='bbox 200 2104 236 2174; x_wconf 90' lang='lat' dir='ltr'>in</span> <span class='ocrx_word' id='word_1_87' title='bbox 265 2102 445 2182; x_wconf 73' lang='lat' dir='ltr'>lacrimas,</span> <span class='ocrx_word' id='word_1_88' title='bbox 486 2120 525 2176; x_wconf 90' lang='lat' dir='ltr'>et</span> <span class='ocrx_word' id='word_1_89' title='bbox 554 2104 589 2175; x_wconf 92' lang='lat' dir='ltr'>in</span> <span class='ocrx_word' id='word_1_90' title='bbox 628 2103 813 2199; x_wconf 84' lang='lat' dir='ltr'>passionis</span> <span class='ocrx_word' id='word_1_91' title='bbox 842 2102 980 2175; x_wconf 88' lang='lat' dir='ltr'>Christi</span> <span class='ocrx_word' id='word_1_92' title='bbox 1019 2095 1317 2199; x_wconf 79' lang='lat' dir='ltr'>compassionem</span> 
     </span>
    </p>

    <p class='ocr_par' dir='ltr' id='par_1_16' title="bbox 200 2208 1319 2283">
     <span class='ocr_line' id='line_1_16' title="bbox 200 2208 1319 2283; baseline 0 -4"><span class='ocrx_word' id='word_1_93' title='bbox 200 2210 259 2281; x_wconf 89' lang='lat' dir='ltr'>hic</span> <span class='ocrx_word' id='word_1_94' title='bbox 288 2208 421 2282; x_wconf 88' lang='lat' dir='ltr'>iubilus</span> <span class='ocrx_word' id='word_1_95' title='bbox 451 2211 674 2283; x_wconf 83' lang='lat' dir='ltr'>solvebatur.</span> <span class='ocrx_word' id='word_1_96' title='bbox 748 2210 838 2282; x_wconf 87' lang='lat' dir='ltr'>Inde</span> <span class='ocrx_word' id='word_1_97' title='bbox 867 2211 926 2281; x_wconf 91' lang='lat' dir='ltr'>hic</span> <span class='ocrx_word' id='word_1_98' title='bbox 955 2225 1106 2282; x_wconf 87' lang='lat' dir='ltr'>sanctus</span> <span class='ocrx_word' id='word_1_99' title='bbox 1143 2209 1319 2280; x_wconf 87' lang='lat' dir='ltr'>continua</span> 
     </span>
    </p>

    <p class='ocr_par' dir='ltr' id='par_1_17' title="bbox 134 2314 1320 2415">
     <span class='ocr_line' id='line_1_17' title="bbox 134 2314 1320 2415; baseline -0.004 -25"><span class='ocrx_word' id='word_1_100' title='bbox 134 2347 170 2411; x_wconf 80' lang='lat'>¹5</span> <span class='ocrx_word' id='word_1_101' title='bbox 201 2317 372 2389; x_wconf 87' lang='lat' dir='ltr'>trahebat</span> <span class='ocrx_word' id='word_1_102' title='bbox 399 2316 566 2413; x_wconf 88' lang='lat' dir='ltr'>suspiria,</span> <span class='ocrx_word' id='word_1_103' title='bbox 598 2334 636 2388; x_wconf 85' lang='lat' dir='ltr'>et</span> <span class='ocrx_word' id='word_1_104' title='bbox 664 2314 903 2413; x_wconf 83' lang='lat' dir='ltr'>ingeminatis</span> <span class='ocrx_word' id='word_1_105' title='bbox 932 2316 1143 2415; x_wconf 79' lang='lat' dir='ltr'>gemitibus,</span> <span class='ocrx_word' id='word_1_106' title='bbox 1176 2314 1320 2387; x_wconf 79' lang='lat' dir='ltr'>inferio·</span> 
     </span>
    </p>

    <p class='ocr_par' dir='ltr' id='par_1_18' title="bbox 201 2422 1320 2602">
     <span class='ocr_line' id='line_1_18' title="bbox 201 2422 1320 2519; baseline -0.002 -24"><span class='ocrx_word' id='word_1_107' title='bbox 201 2450 281 2495; x_wconf 90' lang='lat' dir='ltr'>rum</span> <span class='ocrx_word' id='word_1_108' title='bbox 311 2449 407 2519; x_wconf 85' lang='lat' dir='ltr'>quae</span> <span class='ocrx_word' id='word_1_109' title='bbox 437 2423 472 2496; x_wconf 94' lang='lat' dir='ltr'>in</span> <span class='ocrx_word' id='word_1_110' title='bbox 502 2450 612 2497; x_wconf 89' lang='lat' dir='ltr'>manu</span> <span class='ocrx_word' id='word_1_111' title='bbox 642 2440 748 2497; x_wconf 86' lang='lat' dir='ltr'>erant</span> <span class='ocrx_word' id='word_1_112' title='bbox 776 2423 921 2508; x_wconf 85' lang='lat' dir='ltr'>oblitus,</span> <span class='ocrx_word' id='word_1_113' title='bbox 955 2423 1254 2519; x_wconf 86' lang='lat' dir='ltr'>suspendebatur</span> <span class='ocrx_word' id='word_1_114' title='bbox 1272 2422 1320 2494; x_wconf 90' lang='lat' dir='ltr'>ad</span> 
     </span>
     <span class='ocr_line' id='line_1_19' title="bbox 202 2531 358 2602; baseline 0 -1"><span class='ocrx_word' id='word_1_115' title='bbox 202 2531 358 2602; x_wconf 86' lang='lat' dir='ltr'>caelum.</span> 
     </span>
    </p>
   </div>
   <div class='ocr_carea' id='block_1_6' title="bbox 260 2893 1265 3109">
    <p class='ocr_par' dir='ltr' id='par_1_19' title="bbox 260 2893 1265 3109">
     <span class='ocr_line' id='line_1_20' title="bbox 260 2893 1265 2991; baseline 0.002 -26"><span class='ocrx_word' id='word_1_116' title='bbox 260 2893 454 2991; x_wconf 74' lang='lat' dir='ltr'>[Qualiter</span> <span class='ocrx_word' id='word_1_117' title='bbox 478 2895 671 2989; x_wconf 79' lang='lat' dir='ltr'>quemdam</span> <span class='ocrx_word' id='word_1_118' title='bbox 687 2902 858 2990; x_wconf 71' lang='lat' dir='ltr'>fratrem</span> <span class='ocrx_word' id='word_1_119' title='bbox 887 2897 1031 2966; x_wconf 80' lang='lat' dir='ltr'>tristem</span> <span class='ocrx_word' id='word_1_120' title='bbox 1056 2897 1265 2991; x_wconf 71' lang='lat' dir='ltr'>redarguit,</span> 
     </span>
     <span class='ocr_line' id='line_1_21' title="bbox 308 3010 1211 3109; baseline 0.001 -27"><span class='ocrx_word' id='word_1_121' title='bbox 308 3021 342 3082; x_wconf 87' lang='lat' dir='ltr'>et</span> <span class='ocrx_word' id='word_1_122' title='bbox 354 3010 521 3105; x_wconf 79' lang='lat' dir='ltr'>qualiter</span> <span class='ocrx_word' id='word_1_123' title='bbox 531 3036 567 3081; x_wconf 83' lang='lat' dir='ltr'>se</span> <span class='ocrx_word' id='word_1_124' title='bbox 580 3010 719 3083; x_wconf 78' lang='lat' dir='ltr'>deberet</span> <span class='ocrx_word' id='word_1_125' title='bbox 732 3010 863 3083; x_wconf 73' lang='lat' dir='ltr'>hebere</span> <span class='ocrx_word' id='word_1_126' title='bbox 878 3012 1051 3109; x_wconf 58' lang='lat' dir='ltr'>retenuit}</span> <span class='ocrx_word' id='word_1_127' title='bbox 1112 3012 1211 3084; x_wconf 85' lang='lat' dir='ltr'><strong>XCI.</strong></span> 
     </span>
    </p>
   </div>
   <div class='ocr_carea' id='block_1_7' title="bbox 135 3220 1325 4067">
    <p class='ocr_par' dir='ltr' id='par_1_20' title="bbox 135 3220 1324 3745">
     <span class='ocr_line' id='line_1_22' title="bbox 135 3220 1323 3318; baseline 0.001 -25"><span class='ocrx_word' id='word_1_128' title='bbox 135 3254 178 3300; x_wconf 87' lang='lat'>20</span> <span class='ocrx_word' id='word_1_129' title='bbox 289 3225 371 3294; x_wconf 87' lang='lat'>128.</span> <span class='ocrx_word' id='word_1_130' title='bbox 404 3220 507 3294; x_wconf 89' lang='lat' dir='ltr'>Vidit</span> <span class='ocrx_word' id='word_1_131' title='bbox 534 3221 650 3294; x_wconf 88' lang='lat' dir='ltr'>semel</span> <span class='ocrx_word' id='word_1_132' title='bbox 679 3224 879 3318; x_wconf 88' lang='lat' dir='ltr'>quemdam</span> <span class='ocrx_word' id='word_1_133' title='bbox 909 3224 1051 3294; x_wconf 88' lang='lat' dir='ltr'>socium</span> <span class='ocrx_word' id='word_1_134' title='bbox 1089 3248 1197 3294; x_wconf 88' lang='lat' dir='ltr'>suum</span> <span class='ocrx_word' id='word_1_135' title='bbox 1231 3222 1323 3294; x_wconf 87' lang='lat' dir='ltr'>acci·</span> 
     </span>
     <span class='ocr_line' id='line_1_23' title="bbox 205 3328 1324 3425; baseline -0.001 -24"><span class='ocrx_word' id='word_1_136' title='bbox 205 3328 347 3402; x_wconf 89' lang='lat' dir='ltr'>diosam</span> <span class='ocrx_word' id='word_1_137' title='bbox 376 3344 414 3401; x_wconf 88' lang='lat' dir='ltr'>et</span> <span class='ocrx_word' id='word_1_138' title='bbox 441 3330 584 3402; x_wconf 89' lang='lat' dir='ltr'>tristem</span> <span class='ocrx_word' id='word_1_139' title='bbox 613 3329 745 3401; x_wconf 84' lang='lat' dir='ltr'>saciem</span> <span class='ocrx_word' id='word_1_140' title='bbox 765 3330 1084 3425; x_wconf 82' lang='lat' dir='ltr'>praetendentem,</span> <span class='ocrx_word' id='word_1_141' title='bbox 1108 3347 1145 3401; x_wconf 92' lang='lat' dir='ltr'>et</span> <span class='ocrx_word' id='word_1_142' title='bbox 1175 3354 1247 3400; x_wconf 89' lang='lat' dir='ltr'>non</span> <span class='ocrx_word' id='word_1_143' title='bbox 1276 3329 1324 3400; x_wconf 91' lang='lat' dir='ltr'>le-</span> 
     </span>
     <span class='ocr_line' id='line_1_24' title="bbox 206 3434 1323 3509; baseline -0.001 -2"><span class='ocrx_word' id='word_1_144' title='bbox 206 3435 300 3508; x_wconf 91' lang='lat' dir='ltr'>niter</span> <span class='ocrx_word' id='word_1_145' title='bbox 327 3437 449 3508; x_wconf 82' lang='lat' dir='ltr'>ferens</span> <span class='ocrx_word' id='word_1_146' title='bbox 478 3434 570 3507; x_wconf 87' lang='lat' dir='ltr'>dixit</span> <span class='ocrx_word' id='word_1_147' title='bbox 599 3437 646 3507; x_wconf 87' lang='lat' dir='ltr'>ad</span> <span class='ocrx_word' id='word_1_148' title='bbox 675 3463 778 3508; x_wconf 89' lang='lat' dir='ltr'>eum:</span> <span class='ocrx_word' id='word_1_149' title='bbox 811 3436 896 3509; x_wconf 91' lang='lat' dir='ltr'>Non</span> <span class='ocrx_word' id='word_1_150' title='bbox 934 3438 1044 3508; x_wconf 84' lang='lat' dir='ltr'>decet</span> <span class='ocrx_word' id='word_1_151' title='bbox 1072 3462 1221 3508; x_wconf 89' lang='lat' dir='ltr'>servum</span> <span class='ocrx_word' id='word_1_152' title='bbox 1251 3435 1323 3506; x_wconf 92' lang='lat' dir='ltr'>Dei</span> 
     </span>
     <span class='ocr_line' id='line_1_25' title="bbox 204 3542 1319 3639; baseline -0.001 -26"><span class='ocrx_word' id='word_1_153' title='bbox 204 3542 347 3615; x_wconf 89' lang='lat' dir='ltr'>tristem</span> <span class='ocrx_word' id='word_1_154' title='bbox 362 3542 421 3615; x_wconf 89' lang='lat' dir='ltr'>vel</span> <span class='ocrx_word' id='word_1_155' title='bbox 436 3543 689 3616; x_wconf 89' lang='lat' dir='ltr'>turbulentum</span> <span class='ocrx_word' id='word_1_156' title='bbox 705 3568 745 3615; x_wconf 92' lang='lat' dir='ltr'>se</span> <span class='ocrx_word' id='word_1_157' title='bbox 761 3560 968 3616; x_wconf 86' lang='lat' dir='ltr'>monstrare</span> <span class='ocrx_word' id='word_1_158' title='bbox 985 3542 1206 3625; x_wconf 73' lang='lat' dir='ltr'>homiuibus</span> <span class='ocrx_word' id='word_1_159' title='bbox 1225 3542 1319 3639; x_wconf 86' lang='lat' dir='ltr'>[sed]</span> 
     </span>
     <span class='ocr_line' id='line_1_26' title="bbox 205 3647 1324 3745; baseline -0.001 -24"><span class='ocrx_word' id='word_1_160' title='bbox 205 3674 353 3745; x_wconf 86' lang='lat' dir='ltr'>semper</span> <span class='ocrx_word' id='word_1_161' title='bbox 389 3650 598 3722; x_wconf 88' lang='lat' dir='ltr'>honestum.</span> <span class='ocrx_word' id='word_1_162' title='bbox 671 3650 846 3722; x_wconf 84' lang='lat' dir='ltr'>Offensas</span> <span class='ocrx_word' id='word_1_163' title='bbox 875 3668 956 3720; x_wconf 88' lang='lat' dir='ltr'>tuas</span> <span class='ocrx_word' id='word_1_164' title='bbox 987 3651 1022 3721; x_wconf 92' lang='lat' dir='ltr'>in</span> <span class='ocrx_word' id='word_1_165' title='bbox 1060 3667 1124 3721; x_wconf 90' lang='lat' dir='ltr'>tuo</span> <span class='ocrx_word' id='word_1_166' title='bbox 1154 3647 1324 3720; x_wconf 84' lang='lat' dir='ltr'>cubiculo</span> 
     </span>
    </p>

    <p class='ocr_par' dir='ltr' id='par_1_21' title="bbox 136 3755 1325 4067">
     <span class='ocr_line' id='line_1_27' title="bbox 136 3755 1321 3855; baseline -0.002 -28"><span class='ocrx_word' id='word_1_167' title='bbox 136 3790 177 3855; x_wconf 83' lang='lat'>25</span> <span class='ocrx_word' id='word_1_168' title='bbox 206 3755 359 3838; x_wconf 87' lang='lat' dir='ltr'>discute,</span> <span class='ocrx_word' id='word_1_169' title='bbox 391 3773 428 3829; x_wconf 86' lang='lat' dir='ltr'>et</span> <span class='ocrx_word' id='word_1_170' title='bbox 457 3782 582 3829; x_wconf 89' lang='lat' dir='ltr'>coram</span> <span class='ocrx_word' id='word_1_171' title='bbox 612 3757 698 3828; x_wconf 88' lang='lat' dir='ltr'>Deo</span> <span class='ocrx_word' id='word_1_172' title='bbox 727 3774 791 3828; x_wconf 91' lang='lat' dir='ltr'>tuo</span> <span class='ocrx_word' id='word_1_173' title='bbox 820 3757 1012 3829; x_wconf 89' lang='lat' dir='ltr'>lacrimare</span> <span class='ocrx_word' id='word_1_174' title='bbox 1041 3772 1080 3828; x_wconf 91' lang='lat' dir='ltr'>et</span> <span class='ocrx_word' id='word_1_175' title='bbox 1105 3755 1321 3852; x_wconf 82' lang='lat' dir='ltr'>ingemisce.</span> 
     </span>
     <span class='ocr_line' id='line_1_28' title="bbox 207 3862 1325 3957; baseline -0.003 -22"><span class='ocrx_word' id='word_1_176' title='bbox 207 3863 302 3935; x_wconf 89' lang='lat' dir='ltr'>Cum</span> <span class='ocrx_word' id='word_1_177' title='bbox 331 3864 430 3936; x_wconf 88' lang='lat' dir='ltr'>redis</span> <span class='ocrx_word' id='word_1_178' title='bbox 457 3865 505 3935; x_wconf 90' lang='lat' dir='ltr'>ad</span> <span class='ocrx_word' id='word_1_179' title='bbox 534 3864 675 3947; x_wconf 78' lang='lat' dir='ltr'>fratres</span> <span class='ocrx_word' id='word_1_180' title='bbox 709 3888 879 3936; x_wconf 90' lang='lat' dir='ltr'>moerore</span> <span class='ocrx_word' id='word_1_181' title='bbox 912 3862 1096 3957; x_wconf 88' lang='lat' dir='ltr'>deposit0‚</span> <span class='ocrx_word' id='word_1_182' title='bbox 1129 3862 1325 3956; x_wconf 83' lang='lat' dir='ltr'>caeter[i]s</span> 
     </span>
     <span class='ocr_line' id='line_1_29' title="bbox 206 3967 1325 4067; baseline -0.002 -26"><span class='ocrx_word' id='word_1_183' title='bbox 206 3970 448 4043; x_wconf 86' lang='lat' dir='ltr'>conformare.</span> <span class='ocrx_word' id='word_1_184' title='bbox 506 3970 556 4042; x_wconf 90' lang='lat' dir='ltr'>Et</span> <span class='ocrx_word' id='word_1_185' title='bbox 585 3987 669 4067; x_wconf 92' lang='lat' dir='ltr'>post</span> <span class='ocrx_word' id='word_1_186' title='bbox 697 3995 831 4065; x_wconf 88' lang='lat' dir='ltr'>pauca:</span> <span class='ocrx_word' id='word_1_187' title='bbox 863 3968 1022 4041; x_wconf 86' lang='lat' dir='ltr'>Multum</span> <span class='ocrx_word' id='word_1_188' title='bbox 1049 3967 1217 4040; x_wconf 91' lang='lat' dir='ltr'>invident</span> <span class='ocrx_word' id='word_1_189' title='bbox 1237 3969 1325 4039; x_wconf 91' lang='lat' dir='ltr'>mihi</span> 
     </span>
    </p>
   </div>
   <div class='ocr_carea' id='block_1_8' title="bbox 206 4177 1327 4485">
    <p class='ocr_par' dir='ltr' id='par_1_22' title="bbox 206 4177 1327 4485">
     <span class='ocr_line' id='line_1_30' title="bbox 279 4177 1326 4246; baseline -0.003 -16"><span class='ocrx_word' id='word_1_190' title='bbox 279 4194 337 4231; x_wconf 85' lang='lat'>1-2.</span> <span class='ocrx_word' id='word_1_191' title='bbox 358 4178 389 4229; x_wconf 90' lang='lat' dir='ltr'><em>M</em></span> <span class='ocrx_word' id='word_1_192' title='bbox 411 4196 460 4231; x_wconf 68' lang='lat' dir='ltr'>otu.</span> <span class='ocrx_word' id='word_1_193' title='bbox 484 4179 583 4231; x_wconf 82' lang='lat' dir='ltr'>titutum</span> <span class='ocrx_word' id='word_1_194' title='bbox 609 4180 652 4246; x_wconf 84' lang='lat' dir='ltr'>qui</span> <span class='ocrx_word' id='word_1_195' title='bbox 676 4177 812 4228; x_wconf 67' lang='lat' dir='ltr'>(destituitur</span> <span class='ocrx_word' id='word_1_196' title='bbox 835 4194 864 4229; x_wconf 76' lang='lat' dir='ltr'>ex</span> <span class='ocrx_word' id='word_1_197' title='bbox 889 4178 1051 4239; x_wconf 55' lang='lat' dir='ltr'>dubriam,</span> <span class='ocrx_word' id='word_1_198' title='bbox 1073 4177 1122 4228; x_wconf 82' lang='lat' dir='ltr'>uid.</span> <span class='ocrx_word' id='word_1_199' title='bbox 1147 4185 1200 4245; x_wconf 76' lang='lat' dir='ltr'>sup.</span> <span class='ocrx_word' id='word_1_200' title='bbox 1224 4185 1248 4245; x_wconf 84' lang='lat' dir='ltr'>p.</span> <span class='ocrx_word' id='word_1_201' title='bbox 1273 4180 1326 4229; x_wconf 81' lang='lat'>161.</span> 
     </span>
     <span class='ocr_line' id='line_1_31' title="bbox 207 4256 1326 4326; baseline -0.001 -18"><span class='ocrx_word' id='word_1_202' title='bbox 207 4271 230 4324; x_wconf 86' lang='lat'>7.</span> <span class='ocrx_word' id='word_1_203' title='bbox 252 4257 353 4310; x_wconf 79' lang='lat' dir='ltr'>,uvidi</span> <span class='ocrx_word' id='word_1_204' title='bbox 426 4258 451 4311; x_wconf 88' lang='lat'>8.</span> <span class='ocrx_word' id='word_1_205' title='bbox 470 4258 567 4326; x_wconf 86' lang='lat' dir='ltr'>e]Ra</span> <span class='ocrx_word' id='word_1_206' title='bbox 641 4256 1005 4325; x_wconf 80' lang='lat' dir='ltr'>9.nrculum]Raunulu1u</span> <span class='ocrx_word' id='word_1_207' title='bbox 1045 4258 1170 4325; x_wconf 70' lang='lat' dir='ltr'>,tiquam</span> <span class='ocrx_word' id='word_1_208' title='bbox 1247 4256 1326 4308; x_wconf 77' lang='lat' dir='ltr'>10.A</span> 
     </span>
     <span class='ocr_line' id='line_1_32' title="bbox 207 4335 1327 4407; baseline -0.002 -19"><span class='ocrx_word' id='word_1_209' title='bbox 207 4355 254 4390; x_wconf 87' lang='lat' dir='ltr'>om.</span> <span class='ocrx_word' id='word_1_210' title='bbox 272 4338 346 4407; x_wconf 86' lang='lat' dir='ltr'>quasi</span> <span class='ocrx_word' id='word_1_211' title='bbox 395 4336 691 4406; x_wconf 82' lang='lat' dir='ltr'>viellam]Rtuellam</span> <span class='ocrx_word' id='word_1_212' title='bbox 766 4338 900 4390; x_wconf 76' lang='lat' dir='ltr'>20-21.R</span> <span class='ocrx_word' id='word_1_213' title='bbox 923 4335 1089 4387; x_wconf 81' lang='lat' dir='ltr'>accidiosum</span> <span class='ocrx_word' id='word_1_214' title='bbox 1164 4336 1327 4404; x_wconf 83' lang='lat' dir='ltr'>21.Rpro-</span> 
     </span>
     <span class='ocr_line' id='line_1_33' title="bbox 206 4414 987 4485; baseline -0.005 -16"><span class='ocrx_word' id='word_1_215' title='bbox 206 4418 362 4469; x_wconf 85' lang='lat' dir='ltr'>tendentem</span> <span class='ocrx_word' id='word_1_216' title='bbox 437 4433 477 4485; x_wconf 78' lang='lat'>23·</span> <span class='ocrx_word' id='word_1_217' title='bbox 497 4417 556 4485; x_wconf 79' lang='lat' dir='ltr'>sed]</span> <span class='ocrx_word' id='word_1_218' title='bbox 579 4419 601 4469; x_wconf 72' lang='lat' dir='ltr'><em>A</em></span> <span class='ocrx_word' id='word_1_219' title='bbox 622 4416 683 4469; x_wconf 88' lang='lat' dir='ltr'>licet</span> <span class='ocrx_word' id='word_1_220' title='bbox 758 4414 799 4468; x_wconf 73' lang='lat'>26.</span> <span class='ocrx_word' id='word_1_221' title='bbox 820 4417 843 4467; x_wconf 75' lang='lat' dir='ltr'><em>A</em></span> <span class='ocrx_word' id='word_1_222' title='bbox 865 4430 987 4467; x_wconf 83' lang='lat' dir='ltr'>caeteros</span> 
     </span>
    </p>
   </div>
   <div class='ocr_carea' id='block_1_9' title="bbox 0 0 1586 4875">
    <p class='ocr_par' dir='ltr' id='par_1_23' title="bbox 0 0 1586 4875">
     <span class='ocr_line' id='line_1_34' title="bbox 0 0 1586 4875; baseline 0 0"><span class='ocrx_word' id='word_1_223' title='bbox 0 0 1586 4875; x_wconf 95' lang='lat' dir='ltr'> </span> 
     </span>
    </p>
   </div>
  </div>
 </body>
</html>
