3142 4875
603 375 708 425 naun
736 373 923 424 vannmsct
1251 352 1322 442 187

962 483 1323 494 -Ἤ

203 604 356 679 tentiae.
379 602 485 702 virga
521 604 769 702 percellantur
804 603 985 688 malevoli,
1024 620 1063 677 et
1090 602 1151 676 filii
1185 604 1258 677 Dei
1288 603 1325 677 in

204 727 356 785 aeterne
384 710 514 785 salutis
540 725 786 809 augmentum
820 708 957 806 ubique
994 709 1106 806 plena
1133 710 1326 809 gaudeant

205 819 386 891 libertate.
444 818 736 915 Recognoscent
753 842 802 890 ex
823 816 894 889 hoc
913 815 976 889 filii
994 816 1117 891 dulcia
1144 816 1326 891 beneficia

206 925 343 1008 matris,
375 940 413 998 et
440 923 592 1023 speciali
608 923 808 998 devotione
823 948 973 1019 semper
988 924 1103 1021 ipsius
1117 924 1324 997 reverenda

156 1060 175 1127 5
204 1030 366 1129 vestigia
392 1033 697 1130 complectentur.
755 1031 842 1103 Non
870 1030 950 1114 erit,
981 1029 1062 1127 ipsa
1087 1046 1321 1129 protegente,

206 1139 244 1211 in
271 1136 402 1211 ordine
430 1138 549 1212 malus
563 1162 749 1221 occursus,
768 1161 838 1209 nec
853 1135 948 1209 filius
963 1135 1079 1210 Belial
1093 1163 1160 1234 per
1174 1138 1322 1212 vineam

206 1243 359 1319 Domini
378 1244 550 1319 transibit
576 1243 749 1342 impunis.
805 1242 1038 1341 Paupertatis
1067 1260 1216 1318 nostrae
1245 1244 1326 1341 ipsa

206 1366 336 1426 sancta
362 1350 608 1426 aemulabitur
635 1349 806 1449 gloriam,
828 1366 866 1423 et
885 1349 1101 1425 humilitatis
1124 1350 1325 1449 praeconia

206 1484 275 1557 per
301 1458 498 1557 superbiae
527 1458 693 1531 nubilum
721 1456 892 1531 offuscari
922 1482 996 1530 non
1030 1458 1136 1530 sinet.
1195 1457 1327 1531 Chari-

137 1591 179 1638 ιο
206 1565 293 1640 tatis
321 1581 359 1639 et
385 1565 489 1662 pacis
516 1565 554 1637 in
583 1565 690 1637 nobis
718 1562 865 1637 vincula
893 1565 1057 1638 servabit
1084 1563 1221 1649 illaesa,
1242 1590 1326 1637 cen-

207 1697 293 1746 sura
307 1671 538 1745 strictissima
552 1671 765 1770 percutiens
780 1670 1014 1744 dissidentes.
1073 1670 1326 1770 Evangelicae

207 1778 377 1877 puritatis
405 1777 619 1852 observatio
646 1803 751 1851 sacra
772 1778 947 1851 continue
968 1777 1004 1851 in
1024 1794 1226 1875 conspectu
1247 1778 1327 1851 eius

208 1886 363 1971 florebit,
386 1911 455 1959 nec
469 1887 625 1959 odorem
639 1885 738 1958 vitae
751 1885 809 1958 vel
825 1884 871 1958 ad
888 1885 1017 1957 horam
1038 1885 1200 1981 patietur
1217 1886 1324 1958 elabi.

208 1993 313 2066 Haec
328 1993 437 2066 huius
450 1992 734 2090 amplectendae
758 1991 1095 2065 commendationis
1114 1992 1232 2064 sancti
1251 1992 1324 2065 Dei

138 2125 178 2189 15
208 2099 275 2173 fuit
303 2098 460 2173 intentio
494 2114 584 2173 tota.
643 2099 749 2172 Haec
786 2098 1021 2171 necessariae
1056 2098 1327 2171 commissionis

208 2231 276 2304 pro
303 2207 426 2280 futuro
444 2223 614 2304 tempore
633 2204 904 2303 praescientiae
920 2204 986 2277 viri
1003 2205 1077 2279 Dei
1095 2204 1327 2277 sanctissima

208 2315 443 2386 documenta.

638 2475 902 2486 u———n———u-

330 2641 528 2742 [Qualiter
553 2645 744 2716 dommum
777 2644 979 2716 Ostiensem
1000 2653 1073 2739 pro
1100 2645 1209 2738 Papa

602 2760 747 2855 pertin.
804 2757 924 2831 XVII.

136 2990 180 3037 20
292 2983 350 3056 25.
388 2961 555 3056 Veniens
590 2962 703 3061 igitur
737 2963 900 3035 Romam
928 2963 984 3034 vir
1011 2962 1094 3046 Dei,
1126 2989 1149 3035 a
1177 2963 1329 3036 domino

209 3071 311 3167 Papa
338 3068 508 3143 Honorio
532 3084 570 3143 et
589 3068 849 3142 Cardinalibus
877 3069 1051 3142 omnibus
1078 3094 1217 3167 magna
1245 3096 1329 3142 cum

210 3176 409 3250 devotione
437 3176 645 3273 suscipitur.
707 3175 935 3274 [Siquidem]
968 3178 1068 3273 quod
1100 3177 1330 3274 fragraverat
1390 3181 1395 3190 ’

210 3284 318 3369 fama,
350 3282 518 3380 fulgebat
546 3284 581 3355 in
610 3284 696 3367 vita,
728 3283 929 3356 resonabat
948 3282 985 3355 in
1018 3282 1156 3381 lingua,
1196 3282 1330 3379 quibus

211 3389 495 3488 suppetentibus
510 3389 740 3463 indevotioni
756 3416 829 3462 non
847 3405 962 3463 restat
974 3388 1086 3462 locus.
1137 3391 1331 3463 Praedicat

139 3525 183 3590 25
212 3521 336 3570 coram
364 3497 466 3593 Papa
494 3513 532 3570 et
561 3495 821 3571 Cardinalibus
849 3496 980 3593 spiritu
1010 3514 1185 3594 prompto
1205 3514 1242 3569 ct
1263 3498 1330 3569 fer-

210 3602 307 3688 vido,
338 3619 511 3676 eructans
539 3604 587 3677 de
615 3602 727 3700 pleno
755 3602 937 3700 quidquid
966 3603 1116 3701 spiritus
1145 3605 1327 3701 suggerit.

212 3709 506 3783 Commoventur
533 3709 570 3783 in
600 3712 715 3783 verbo
744 3711 825 3783 eius
845 3728 1000 3793 montes
1020 3713 1120 3782 etde
1140 3710 1331 3807 profundis

210 3816 413 3890 visceribus
440 3819 516 3889 alta
535 3817 726 3890 trahentes
753 3818 911 3915 suspiria
931 3816 1090 3889 lacrimis
1118 3816 1331 3889 interiorem

211 3923 400 3997 hominem
415 3921 550 3996 lavant.
609 3923 890 3998 Praedicatione
919 3924 1023 3996 finita
1050 3924 1253 4021 paucisque
1284 3925 1331 3996 fa-

142 4058 183 4124 30
212 4029 342 4103 miliari
371 4029 568 4104 collatione
597 4056 680 4104 cum
709 4031 862 4104 domino
887 4032 988 4125 Papa
1008 4030 1231 4126 praemissis,
1255 4046 1332 4102 tan-

212 4136 298 4210 dem
327 4136 379 4210 sic
407 4136 528 4235 ipsum
557 4138 722 4234 petendo
741 4137 951 4234 alloquitur.
1012 4138 1072 4209 Ad
1098 4136 1329 4210 maiestatem

284 4347 346 4416 7-8.
366 4346 387 4399 L
407 4347 464 4414 ipsa
485 4359 571 4400 mater
589 4360 681 4400 sancta
759 4364 850 4401 11·12.
871 4348 892 4402 L
909 4349 1070 4402 dissidentes
1085 4366 1180 4419 evang.
1196 4350 1330 4419 purime&

214 4425 367 4480 observatio
381 4442 456 4480 sacra
472 4427 655 4480 continentiae
731 4445 768 4498 13.
790 4429 811 4481 L
831 4429 891 4481 elidi
967 4444 1005 4483 22.
1027 4431 1051 4482 Α
1073 4430 1172 4500 Sitque
