<?xml version="1.0" encoding="UTF-8"?>
<!DOCTYPE html PUBLIC "-//W3C//DTD XHTML 1.0 Transitional//EN"
    "http://www.w3.org/TR/xhtml1/DTD/xhtml1-transitional.dtd">
<html xmlns="http://www.w3.org/1999/xhtml" xml:lang="en" lang="en">
 <head>
  <title>
</title>
<meta http-equiv="Content-Type" content="text/html;charset=utf-8" />
  <meta name='ocr-system' content='tesseract 3.04.00' />
  <meta name='ocr-capabilities' content='ocr_page ocr_carea ocr_par ocr_line ocrx_word'/>
</head>
<body>
  <div class='ocr_page' id='page_1' title='image "./sfrancisciassis00dogoog_0321.png"; bbox 0 0 3142 4875; ppageno 0'>
   <div class='ocr_carea' id='block_1_1' title="bbox 582 397 1300 468">
    <p class='ocr_par' dir='ltr' id='par_1_1' title="bbox 582 397 1300 468">
     <span class='ocr_line' id='line_1_1' title="bbox 582 397 1300 468; baseline -0.001 -18"><span class='ocrx_word' id='word_1_1' title='bbox 582 401 688 450; x_wconf 81' lang='lat' dir='ltr'>BEATI</span> <span class='ocrx_word' id='word_1_2' title='bbox 716 399 903 450; x_wconf 73' lang='lat' dir='ltr'>FRANClSCI</span> <span class='ocrx_word' id='word_1_3' title='bbox 1227 397 1300 468; x_wconf 83' lang='grc'>225</span> 
     </span>
    </p>
   </div>
   <div class='ocr_carea' id='block_1_2' title="bbox 181 509 1264 518">
    <p class='ocr_par' dir='ltr' id='par_1_2' title="bbox 181 509 1264 518">
     <span class='ocr_line' id='line_1_2' title="bbox 181 509 1264 518; baseline 0 -1"><span class='ocrx_word' id='word_1_4' title='bbox 181 510 554 518; x_wconf 67' lang='lat'>——-———--.—..</span> <span class='ocrx_word' id='word_1_5' title='bbox 576 511 713 518; x_wconf 41' lang='grc' dir='ltr'>,ια-.-</span> <span class='ocrx_word' id='word_1_6' title='bbox 967 509 1264 518; x_wconf 79' lang='lat'><em>———-—..-——.-.</em></span> 
     </span>
    </p>
   </div>
   <div class='ocr_carea' id='block_1_3' title="bbox 131 630 1305 1345">
    <p class='ocr_par' dir='ltr' id='par_1_3' title="bbox 131 630 1305 1345">
     <span class='ocr_line' id='line_1_3' title="bbox 179 630 1305 730; baseline 0 -25"><span class='ocrx_word' id='word_1_7' title='bbox 179 632 329 730; x_wconf 88' lang='lat' dir='ltr'>poterit,</span> <span class='ocrx_word' id='word_1_8' title='bbox 351 632 513 730; x_wconf 90' lang='lat' dir='ltr'>inquam,</span> <span class='ocrx_word' id='word_1_9' title='bbox 539 649 579 705; x_wconf 89' lang='lat' dir='ltr'>ut</span> <span class='ocrx_word' id='word_1_10' title='bbox 606 634 767 705; x_wconf 92' lang='lat' dir='ltr'>mundus</span> <span class='ocrx_word' id='word_1_11' title='bbox 796 656 949 729; x_wconf 90' lang='lat' dir='ltr'>perraro</span> <span class='ocrx_word' id='word_1_12' title='bbox 978 631 1109 705; x_wconf 79' lang='lat' dir='ltr'>[ratres</span> <span class='ocrx_word' id='word_1_13' title='bbox 1137 630 1305 705; x_wconf 82' lang='lat' dir='ltr'>Minores</span> 
     </span>
     <span class='ocr_line' id='line_1_4' title="bbox 179 736 1305 836; baseline -0.002 -23"><span class='ocrx_word' id='word_1_14' title='bbox 179 738 365 836; x_wconf 84' lang='lat' dir='ltr'>aspiciens</span> <span class='ocrx_word' id='word_1_15' title='bbox 385 740 571 836; x_wconf 83' lang='lat' dir='ltr'>paucitate</span> <span class='ocrx_word' id='word_1_16' title='bbox 592 740 762 812; x_wconf 86' lang='lat' dir='ltr'>miretur!</span> <span class='ocrx_word' id='word_1_17' title='bbox 811 736 1058 811; x_wconf 90' lang='lat' dir='ltr'>lndissolubili</span> <span class='ocrx_word' id='word_1_18' title='bbox 1079 737 1203 835; x_wconf 90' lang='lat' dir='ltr'>itaque</span> <span class='ocrx_word' id='word_1_19' title='bbox 1223 738 1305 811; x_wconf 91' lang='lat' dir='ltr'>vin·</span> 
     </span>
     <span class='ocr_line' id='line_1_5' title="bbox 182 845 1304 943; baseline -0.003 -23"><span class='ocrx_word' id='word_1_20' title='bbox 182 845 266 920; x_wconf 91' lang='lat' dir='ltr'>culo</span> <span class='ocrx_word' id='word_1_21' title='bbox 295 845 469 919; x_wconf 92' lang='lat' dir='ltr'>dominae</span> <span class='ocrx_word' id='word_1_22' title='bbox 497 845 707 943; x_wconf 89' lang='lat' dir='ltr'>paupertati</span> <span class='ocrx_word' id='word_1_23' title='bbox 734 870 938 929; x_wconf 74' lang='lat' dir='ltr'>connexus</span> <span class='ocrx_word' id='word_1_24' title='bbox 971 870 1044 917; x_wconf 90' lang='lat' dir='ltr'>non</span> <span class='ocrx_word' id='word_1_25' title='bbox 1066 863 1304 942; x_wconf 85' lang='lat' dir='ltr'>praesentem</span> 
     </span>
     <span class='ocr_line' id='line_1_6' title="bbox 182 951 1304 1049; baseline -0.002 -24"><span class='ocrx_word' id='word_1_26' title='bbox 182 953 250 1026; x_wconf 90' lang='lat' dir='ltr'>sed</span> <span class='ocrx_word' id='word_1_27' title='bbox 269 954 429 1026; x_wconf 82' lang='lat' dir='ltr'>suturam</span> <span class='ocrx_word' id='word_1_28' title='bbox 445 953 525 1025; x_wconf 91' lang='lat' dir='ltr'>eius</span> <span class='ocrx_word' id='word_1_29' title='bbox 545 954 671 1025; x_wconf 91' lang='lat' dir='ltr'>dotem</span> <span class='ocrx_word' id='word_1_30' title='bbox 688 967 893 1049; x_wconf 84' lang='lat' dir='ltr'>exspectat.</span> <span class='ocrx_word' id='word_1_31' title='bbox 950 952 1119 1024; x_wconf 91' lang='lat' dir='ltr'>Psalmos</span> <span class='ocrx_word' id='word_1_32' title='bbox 1134 951 1196 1047; x_wconf 90' lang='lat' dir='ltr'>qui</span> <span class='ocrx_word' id='word_1_33' title='bbox 1217 977 1304 1048; x_wconf 91' lang='lat' dir='ltr'>pau·</span> 
     </span>
     <span class='ocr_line' id='line_1_7' title="bbox 131 1057 1303 1157; baseline -0.002 -25"><span class='ocrx_word' id='word_1_34' title='bbox 131 1081 150 1146; x_wconf 82' lang='lat'><em>5</em></span> <span class='ocrx_word' id='word_1_35' title='bbox 182 1074 368 1157; x_wconf 91' lang='lat' dir='ltr'>pertatem</span> <span class='ocrx_word' id='word_1_36' title='bbox 396 1077 541 1144; x_wconf 86' lang='lat' dir='ltr'>sonant,</span> <span class='ocrx_word' id='word_1_37' title='bbox 563 1076 603 1132; x_wconf 93' lang='lat' dir='ltr'>ut</span> <span class='ocrx_word' id='word_1_38' title='bbox 632 1058 736 1131; x_wconf 91' lang='lat' dir='ltr'>illud:</span> <span class='ocrx_word' id='word_1_39' title='bbox 759 1057 943 1131; x_wconf 85' lang='lat' dir='ltr'>Patientia</span> <span class='ocrx_word' id='word_1_40' title='bbox 971 1084 1179 1156; x_wconf 85' lang='lat' dir='ltr'>pauperum</span> <span class='ocrx_word' id='word_1_41' title='bbox 1211 1062 1303 1152; x_wconf 90' lang='lat' dir='ltr'>[non</span> 
     </span>
     <span class='ocr_line' id='line_1_8' title="bbox 182 1164 1301 1262; baseline -0.003 -23"><span class='ocrx_word' id='word_1_42' title='bbox 182 1166 318 1262; x_wconf 86' lang='lat' dir='ltr'>peribit</span> <span class='ocrx_word' id='word_1_43' title='bbox 338 1164 373 1238; x_wconf 93' lang='lat' dir='ltr'>in</span> <span class='ocrx_word' id='word_1_44' title='bbox 395 1164 545 1260; x_wconf 87' lang='lat' dir='ltr'>finem];</span> <span class='ocrx_word' id='word_1_45' title='bbox 568 1183 623 1238; x_wconf 89' lang='lat' dir='ltr'>et:</span> <span class='ocrx_word' id='word_1_46' title='bbox 646 1165 812 1238; x_wconf 88' lang='lat' dir='ltr'>Videant</span> <span class='ocrx_word' id='word_1_47' title='bbox 840 1191 1025 1261; x_wconf 82' lang='lat' dir='ltr'>pauperes</span> <span class='ocrx_word' id='word_1_48' title='bbox 1045 1181 1083 1237; x_wconf 92' lang='lat' dir='ltr'>et</span> <span class='ocrx_word' id='word_1_49' title='bbox 1107 1164 1301 1248; x_wconf 88' lang='lat' dir='ltr'>laetentur,</span> 
     </span>
     <span class='ocr_line' id='line_1_9' title="bbox 184 1271 1204 1345; baseline -0.001 -1"><span class='ocrx_word' id='word_1_50' title='bbox 184 1271 397 1345; x_wconf 79' lang='lat' dir='ltr'>ferventiori</span> <span class='ocrx_word' id='word_1_51' title='bbox 425 1272 559 1344; x_wconf 80' lang='lat' dir='ltr'>affectu</span> <span class='ocrx_word' id='word_1_52' title='bbox 588 1289 627 1345; x_wconf 94' lang='lat' dir='ltr'>et</span> <span class='ocrx_word' id='word_1_53' title='bbox 654 1271 797 1345; x_wconf 88' lang='lat' dir='ltr'>laetiori</span> <span class='ocrx_word' id='word_1_54' title='bbox 827 1271 941 1344; x_wconf 90' lang='lat' dir='ltr'>iubilo</span> <span class='ocrx_word' id='word_1_55' title='bbox 969 1273 1204 1344; x_wconf 85' lang='lat' dir='ltr'>decantabat.</span> 
     </span>
    </p>
   </div>
   <div class='ocr_carea' id='block_1_4' title="bbox 424 1687 1072 1784">
    <p class='ocr_par' dir='ltr' id='par_1_4' title="bbox 424 1687 1072 1784">
     <span class='ocr_line' id='line_1_10' title="bbox 424 1687 1072 1784; baseline 0.006 -23"><span class='ocrx_word' id='word_1_56' title='bbox 424 1689 491 1761; x_wconf 92' lang='lat' dir='ltr'>De</span> <span class='ocrx_word' id='word_1_57' title='bbox 520 1688 724 1784; x_wconf 89' lang='lat' dir='ltr'>petenda</span> <span class='ocrx_word' id='word_1_58' title='bbox 753 1687 1072 1783; x_wconf 87' lang='lat' dir='ltr'>eleemosyna.</span> 
     </span>
    </p>
   </div>
   <div class='ocr_carea' id='block_1_5' title="bbox 371 1873 1114 1971">
    <p class='ocr_par' dir='ltr' id='par_1_5' title="bbox 371 1873 1114 1971">
     <span class='ocr_line' id='line_1_11' title="bbox 371 1873 1114 1971; baseline -0.003 -25"><span class='ocrx_word' id='word_1_59' title='bbox 371 1878 446 1971; x_wconf 74' lang='lat' dir='ltr'>[De</span> <span class='ocrx_word' id='word_1_60' title='bbox 472 1875 778 1947; x_wconf 77' lang='lat' dir='ltr'>commendatione</span> <span class='ocrx_word' id='word_1_61' title='bbox 808 1873 957 1967; x_wconf 62' lang='lat' dir='ltr'>ipsius}</span> <span class='ocrx_word' id='word_1_62' title='bbox 1016 1873 1114 1944; x_wconf 90' lang='lat' dir='ltr'>XLI.</span> 
     </span>
    </p>
   </div>
   <div class='ocr_carea' id='block_1_6' title="bbox 114 2082 1308 2291">
    <p class='ocr_par' dir='ltr' id='par_1_6' title="bbox 114 2082 1308 2291">
     <span class='ocr_line' id='line_1_12' title="bbox 114 2082 1306 2179; baseline -0.001 -21"><span class='ocrx_word' id='word_1_63' title='bbox 114 2112 155 2158; x_wconf 94' lang='lat'>10</span> <span class='ocrx_word' id='word_1_64' title='bbox 269 2108 327 2179; x_wconf 83' lang='lat'>71.</span> <span class='ocrx_word' id='word_1_65' title='bbox 350 2086 460 2159; x_wconf 89' lang='lat' dir='ltr'>Pater</span> <span class='ocrx_word' id='word_1_66' title='bbox 489 2102 639 2158; x_wconf 88' lang='lat' dir='ltr'>sanctus</span> <span class='ocrx_word' id='word_1_67' title='bbox 663 2086 836 2157; x_wconf 90' lang='lat' dir='ltr'>utebatur</span> <span class='ocrx_word' id='word_1_68' title='bbox 865 2082 1114 2179; x_wconf 90' lang='lat' dir='ltr'>eleemosynis</span> <span class='ocrx_word' id='word_1_69' title='bbox 1143 2083 1306 2157; x_wconf 89' lang='lat' dir='ltr'>ostiatim</span> 
     </span>
     <span class='ocr_line' id='line_1_13' title="bbox 185 2190 1308 2291; baseline -0.003 -25"><span class='ocrx_word' id='word_1_70' title='bbox 185 2193 365 2291; x_wconf 85' lang='lat' dir='ltr'>quaesitis</span> <span class='ocrx_word' id='word_1_71' title='bbox 398 2191 515 2265; x_wconf 90' lang='lat' dir='ltr'>multo</span> <span class='ocrx_word' id='word_1_72' title='bbox 551 2191 725 2264; x_wconf 91' lang='lat' dir='ltr'>libentius</span> <span class='ocrx_word' id='word_1_73' title='bbox 763 2217 876 2287; x_wconf 90' lang='lat' dir='ltr'>quam</span> <span class='ocrx_word' id='word_1_74' title='bbox 905 2191 1050 2263; x_wconf 88' lang='lat' dir='ltr'>oblatis.</span> <span class='ocrx_word' id='word_1_75' title='bbox 1118 2190 1308 2264; x_wconf 90' lang='lat' dir='ltr'>Verecun-</span> 
     </span>
    </p>
   </div>
   <div class='ocr_carea' id='block_1_7' title="bbox 116 2297 1312 3892">
    <p class='ocr_par' dir='ltr' id='par_1_7' title="bbox 185 2297 1309 2589">
     <span class='ocr_line' id='line_1_14' title="bbox 185 2297 1309 2382; baseline -0.005 -7"><span class='ocrx_word' id='word_1_76' title='bbox 185 2302 285 2375; x_wconf 87' lang='lat' dir='ltr'>diam</span> <span class='ocrx_word' id='word_1_77' title='bbox 315 2299 550 2372; x_wconf 89' lang='lat' dir='ltr'>mendicandi</span> <span class='ocrx_word' id='word_1_78' title='bbox 580 2298 765 2371; x_wconf 90' lang='lat' dir='ltr'>inimicam</span> <span class='ocrx_word' id='word_1_79' title='bbox 795 2297 903 2370; x_wconf 88' lang='lat' dir='ltr'>saluti</span> <span class='ocrx_word' id='word_1_80' title='bbox 937 2298 1095 2382; x_wconf 89' lang='lat' dir='ltr'>dicebat,</span> <span class='ocrx_word' id='word_1_81' title='bbox 1133 2323 1309 2370; x_wconf 90' lang='lat' dir='ltr'>verecun-</span> 
     </span>
     <span class='ocr_line' id='line_1_15' title="bbox 185 2404 1305 2502; baseline -0.004 -19"><span class='ocrx_word' id='word_1_82' title='bbox 185 2407 285 2483; x_wconf 86' lang='lat' dir='ltr'>diam</span> <span class='ocrx_word' id='word_1_83' title='bbox 315 2407 349 2479; x_wconf 93' lang='lat' dir='ltr'>in</span> <span class='ocrx_word' id='word_1_84' title='bbox 371 2406 630 2492; x_wconf 68' lang='lat' dir='ltr'>mendicando</span> <span class='ocrx_word' id='word_1_85' title='bbox 652 2431 735 2479; x_wconf 91' lang='lat' dir='ltr'>eam</span> <span class='ocrx_word' id='word_1_86' title='bbox 765 2430 861 2502; x_wconf 88' lang='lat' dir='ltr'>quae</span> <span class='ocrx_word' id='word_1_87' title='bbox 882 2404 1017 2501; x_wconf 91' lang='lat' dir='ltr'>pedem</span> <span class='ocrx_word' id='word_1_88' title='bbox 1048 2430 1121 2478; x_wconf 93' lang='lat' dir='ltr'>non</span> <span class='ocrx_word' id='word_1_89' title='bbox 1142 2405 1305 2489; x_wconf 89' lang='lat' dir='ltr'>retrahit,</span> 
     </span>
     <span class='ocr_line' id='line_1_16' title="bbox 185 2511 1309 2589; baseline -0.002 -2"><span class='ocrx_word' id='word_1_90' title='bbox 185 2532 353 2589; x_wconf 88' lang='lat' dir='ltr'>sanctam</span> <span class='ocrx_word' id='word_1_91' title='bbox 381 2539 465 2586; x_wconf 91' lang='lat' dir='ltr'>esse</span> <span class='ocrx_word' id='word_1_92' title='bbox 494 2514 728 2587; x_wconf 87' lang='lat' dir='ltr'>confirmans.</span> <span class='ocrx_word' id='word_1_93' title='bbox 786 2511 900 2585; x_wconf 84' lang='lat' dir='ltr'>Nasci</span> <span class='ocrx_word' id='word_1_94' title='bbox 919 2512 1095 2585; x_wconf 87' lang='lat' dir='ltr'>ruborem</span> <span class='ocrx_word' id='word_1_95' title='bbox 1119 2512 1155 2585; x_wconf 91' lang='lat' dir='ltr'>in</span> <span class='ocrx_word' id='word_1_96' title='bbox 1179 2528 1309 2586; x_wconf 92' lang='lat' dir='ltr'>tenera</span> 
     </span>
    </p>

    <p class='ocr_par' dir='ltr' id='par_1_8' title="bbox 118 2618 1310 3144">
     <span class='ocr_line' id='line_1_17' title="bbox 118 2618 1308 2717; baseline -0.003 -22"><span class='ocrx_word' id='word_1_97' title='bbox 118 2642 153 2706; x_wconf 80' lang='lat'>15</span> <span class='ocrx_word' id='word_1_98' title='bbox 185 2624 307 2695; x_wconf 79' lang='lat' dir='ltr'>fronte</span> <span class='ocrx_word' id='word_1_99' title='bbox 334 2620 520 2703; x_wconf 89' lang='lat' dir='ltr'>laudabat,</span> <span class='ocrx_word' id='word_1_100' title='bbox 559 2620 738 2717; x_wconf 80' lang='lat' dir='ltr'>[pudJore</span> <span class='ocrx_word' id='word_1_101' title='bbox 767 2619 944 2692; x_wconf 83' lang='lat' dir='ltr'>conlundi</span> <span class='ocrx_word' id='word_1_102' title='bbox 979 2645 1052 2691; x_wconf 94' lang='lat' dir='ltr'>non</span> <span class='ocrx_word' id='word_1_103' title='bbox 1082 2618 1142 2693; x_wconf 91' lang='lat' dir='ltr'>ita.</span> <span class='ocrx_word' id='word_1_104' title='bbox 1209 2621 1308 2693; x_wconf 92' lang='lat' dir='ltr'>Non·</span> 
     </span>
     <span class='ocr_line' id='line_1_18' title="bbox 187 2726 1309 2824; baseline -0.002 -23"><span class='ocrx_word' id='word_1_105' title='bbox 187 2754 389 2824; x_wconf 88' lang='lat' dir='ltr'>numquam</span> <span class='ocrx_word' id='word_1_106' title='bbox 418 2752 506 2799; x_wconf 90' lang='lat' dir='ltr'>suos</span> <span class='ocrx_word' id='word_1_107' title='bbox 534 2728 582 2799; x_wconf 89' lang='lat' dir='ltr'>ad</span> <span class='ocrx_word' id='word_1_108' title='bbox 611 2727 813 2823; x_wconf 89' lang='lat' dir='ltr'>petendam</span> <span class='ocrx_word' id='word_1_109' title='bbox 842 2726 1122 2821; x_wconf 89' lang='lat' dir='ltr'>eleemosynam</span> <span class='ocrx_word' id='word_1_110' title='bbox 1156 2727 1309 2801; x_wconf 89' lang='lat' dir='ltr'>hortans</span> 
     </span>
     <span class='ocr_line' id='line_1_19' title="bbox 186 2833 1310 2929; baseline -0.002 -21"><span class='ocrx_word' id='word_1_111' title='bbox 186 2835 256 2908; x_wconf 86' lang='lat' dir='ltr'>hiis</span> <span class='ocrx_word' id='word_1_112' title='bbox 286 2837 458 2908; x_wconf 90' lang='lat' dir='ltr'>utebatur</span> <span class='ocrx_word' id='word_1_113' title='bbox 476 2833 618 2906; x_wconf 90' lang='lat' dir='ltr'>verbis:</span> <span class='ocrx_word' id='word_1_114' title='bbox 652 2835 717 2918; x_wconf 89' lang='lat' dir='ltr'>lte,</span> <span class='ocrx_word' id='word_1_115' title='bbox 741 2833 870 2929; x_wconf 90' lang='lat' dir='ltr'>inquit,</span> <span class='ocrx_word' id='word_1_116' title='bbox 893 2834 1070 2929; x_wconf 89' lang='lat' dir='ltr'>quoniam</span> <span class='ocrx_word' id='word_1_117' title='bbox 1099 2835 1169 2907; x_wconf 89' lang='lat' dir='ltr'>hac</span> <span class='ocrx_word' id='word_1_118' title='bbox 1190 2834 1310 2906; x_wconf 90' lang='lat' dir='ltr'>novis·</span> 
     </span>
     <span class='ocr_line' id='line_1_20' title="bbox 185 2939 1306 3022; baseline -0.002 -7"><span class='ocrx_word' id='word_1_119' title='bbox 185 2943 280 3015; x_wconf 90' lang='lat' dir='ltr'>sima</span> <span class='ocrx_word' id='word_1_120' title='bbox 308 2942 399 3015; x_wconf 90' lang='lat' dir='ltr'>hora</span> <span class='ocrx_word' id='word_1_121' title='bbox 428 2942 558 3014; x_wconf 83' lang='lat' dir='ltr'>iratres</span> <span class='ocrx_word' id='word_1_122' title='bbox 587 2939 754 3012; x_wconf 87' lang='lat' dir='ltr'>Minores</span> <span class='ocrx_word' id='word_1_123' title='bbox 782 2940 1008 3012; x_wconf 89' lang='lat' dir='ltr'>commodati</span> <span class='ocrx_word' id='word_1_124' title='bbox 1042 2956 1128 3012; x_wconf 91' lang='lat' dir='ltr'>sunt</span> <span class='ocrx_word' id='word_1_125' title='bbox 1156 2941 1306 3022; x_wconf 90' lang='lat' dir='ltr'>mundo,</span> 
     </span>
     <span class='ocr_line' id='line_1_21' title="bbox 188 3046 1309 3144; baseline -0.001 -23"><span class='ocrx_word' id='word_1_126' title='bbox 188 3065 228 3121; x_wconf 92' lang='lat' dir='ltr'>ut</span> <span class='ocrx_word' id='word_1_127' title='bbox 256 3048 363 3121; x_wconf 89' lang='lat' dir='ltr'>electi</span> <span class='ocrx_word' id='word_1_128' title='bbox 393 3048 428 3119; x_wconf 92' lang='lat' dir='ltr'>in</span> <span class='ocrx_word' id='word_1_129' title='bbox 459 3046 513 3120; x_wconf 86' lang='lat' dir='ltr'>eis</span> <span class='ocrx_word' id='word_1_130' title='bbox 541 3046 754 3144; x_wconf 88' lang='lat' dir='ltr'>compleant</span> <span class='ocrx_word' id='word_1_131' title='bbox 783 3047 882 3119; x_wconf 89' lang='lat' dir='ltr'>unde</span> <span class='ocrx_word' id='word_1_132' title='bbox 910 3071 933 3118; x_wconf 92' lang='lat' dir='ltr'>a</span> <span class='ocrx_word' id='word_1_133' title='bbox 962 3046 1087 3119; x_wconf 89' lang='lat' dir='ltr'>Iudice</span> <span class='ocrx_word' id='word_1_134' title='bbox 1121 3072 1309 3120; x_wconf 92' lang='lat' dir='ltr'>commen·</span> 
     </span>
    </p>

    <p class='ocr_par' dir='ltr' id='par_1_9' title="bbox 116 3152 1311 3661">
     <span class='ocr_line' id='line_1_22' title="bbox 116 3152 1311 3248; baseline -0.003 -19"><span class='ocrx_word' id='word_1_135' title='bbox 116 3174 158 3220; x_wconf 86' lang='lat'>20</span> <span class='ocrx_word' id='word_1_136' title='bbox 186 3157 332 3229; x_wconf 89' lang='lat' dir='ltr'>dentur.</span> <span class='ocrx_word' id='word_1_137' title='bbox 391 3155 505 3248; x_wconf 81' lang='lat' dir='ltr'>Quod</span> <span class='ocrx_word' id='word_1_138' title='bbox 535 3154 595 3225; x_wconf 91' lang='lat' dir='ltr'>uni</span> <span class='ocrx_word' id='word_1_139' title='bbox 617 3154 755 3226; x_wconf 83' lang='lat' dir='ltr'>fecistis</span> <span class='ocrx_word' id='word_1_140' title='bbox 776 3179 824 3226; x_wconf 89' lang='lat' dir='ltr'>ex</span> <span class='ocrx_word' id='word_1_141' title='bbox 847 3152 1020 3226; x_wconf 84' lang='lat' dir='ltr'>iratribus</span> <span class='ocrx_word' id='word_1_142' title='bbox 1050 3154 1142 3226; x_wconf 91' lang='lat' dir='ltr'>meis</span> <span class='ocrx_word' id='word_1_143' title='bbox 1164 3154 1311 3226; x_wconf 90' lang='lat' dir='ltr'>minori-</span> 
     </span>
     <span class='ocr_line' id='line_1_23' title="bbox 186 3259 1310 3358; baseline -0.004 -22"><span class='ocrx_word' id='word_1_144' title='bbox 186 3264 266 3345; x_wconf 87' lang='lat' dir='ltr'>bus,</span> <span class='ocrx_word' id='word_1_145' title='bbox 292 3261 380 3334; x_wconf 89' lang='lat' dir='ltr'>mihi</span> <span class='ocrx_word' id='word_1_146' title='bbox 410 3260 559 3334; x_wconf 84' lang='lat' dir='ltr'>fecistis.</span> <span class='ocrx_word' id='word_1_147' title='bbox 618 3260 727 3333; x_wconf 91' lang='lat' dir='ltr'>Unde</span> <span class='ocrx_word' id='word_1_148' title='bbox 756 3259 1029 3357; x_wconf 84' lang='lat' dir='ltr'>privilegiatam</span> <span class='ocrx_word' id='word_1_149' title='bbox 1059 3286 1198 3358; x_wconf 84' lang='lat' dir='ltr'>magno</span> <span class='ocrx_word' id='word_1_150' title='bbox 1228 3287 1310 3357; x_wconf 92' lang='lat' dir='ltr'>pro·</span> 
     </span>
     <span class='ocr_line' id='line_1_24' title="bbox 188 3367 1311 3467; baseline -0.003 -25"><span class='ocrx_word' id='word_1_151' title='bbox 188 3370 301 3467; x_wconf 91' lang='lat' dir='ltr'>pheta</span> <span class='ocrx_word' id='word_1_152' title='bbox 329 3369 478 3440; x_wconf 88' lang='lat' dir='ltr'>dicebat</span> <span class='ocrx_word' id='word_1_153' title='bbox 505 3368 738 3465; x_wconf 88' lang='lat' dir='ltr'>religionem,</span> <span class='ocrx_word' id='word_1_154' title='bbox 775 3367 838 3462; x_wconf 90' lang='lat' dir='ltr'>qui</span> <span class='ocrx_word' id='word_1_155' title='bbox 868 3368 1013 3439; x_wconf 90' lang='lat' dir='ltr'>titulum</span> <span class='ocrx_word' id='word_1_156' title='bbox 1044 3367 1204 3440; x_wconf 91' lang='lat' dir='ltr'>nominis</span> <span class='ocrx_word' id='word_1_157' title='bbox 1231 3369 1311 3440; x_wconf 90' lang='lat' dir='ltr'>eius</span> 
     </span>
     <span class='ocr_line' id='line_1_25' title="bbox 187 3474 1310 3570; baseline -0.001 -22"><span class='ocrx_word' id='word_1_158' title='bbox 187 3492 263 3548; x_wconf 90' lang='lat' dir='ltr'>tam</span> <span class='ocrx_word' id='word_1_159' title='bbox 278 3475 473 3549; x_wconf 90' lang='lat' dir='ltr'>evidenter</span> <span class='ocrx_word' id='word_1_160' title='bbox 489 3474 683 3570; x_wconf 83' lang='lat' dir='ltr'>expressit.</span> <span class='ocrx_word' id='word_1_161' title='bbox 742 3474 908 3570; x_wconf 91' lang='lat' dir='ltr'>Ideoque</span> <span class='ocrx_word' id='word_1_162' title='bbox 924 3475 1073 3545; x_wconf 89' lang='lat' dir='ltr'>volebat</span> <span class='ocrx_word' id='word_1_163' title='bbox 1089 3475 1219 3546; x_wconf 86' lang='lat' dir='ltr'>fratres</span> <span class='ocrx_word' id='word_1_164' title='bbox 1237 3501 1310 3547; x_wconf 89' lang='lat' dir='ltr'>non</span> 
     </span>
     <span class='ocr_line' id='line_1_26' title="bbox 189 3579 1311 3661; baseline -0.002 -7"><span class='ocrx_word' id='word_1_165' title='bbox 189 3581 308 3656; x_wconf 90' lang='lat' dir='ltr'>solum</span> <span class='ocrx_word' id='word_1_166' title='bbox 340 3581 377 3654; x_wconf 94' lang='lat' dir='ltr'>in</span> <span class='ocrx_word' id='word_1_167' title='bbox 407 3580 617 3655; x_wconf 91' lang='lat' dir='ltr'>civitatibus</span> <span class='ocrx_word' id='word_1_168' title='bbox 650 3581 716 3653; x_wconf 91' lang='lat' dir='ltr'>sed</span> <span class='ocrx_word' id='word_1_169' title='bbox 747 3580 782 3653; x_wconf 91' lang='lat' dir='ltr'>in</span> <span class='ocrx_word' id='word_1_170' title='bbox 813 3579 948 3653; x_wconf 91' lang='lat' dir='ltr'>eremis</span> <span class='ocrx_word' id='word_1_171' title='bbox 978 3605 1225 3661; x_wconf 90' lang='lat' dir='ltr'>commanere,</span> <span class='ocrx_word' id='word_1_172' title='bbox 1251 3581 1311 3652; x_wconf 93' lang='lat' dir='ltr'>ubi</span> 
     </span>
    </p>

    <p class='ocr_par' dir='ltr' id='par_1_10' title="bbox 120 3686 1312 3892">
     <span class='ocr_line' id='line_1_27' title="bbox 120 3686 1312 3773; baseline -0.003 -12"><span class='ocrx_word' id='word_1_173' title='bbox 120 3706 159 3770; x_wconf 80' lang='lat'>25</span> <span class='ocrx_word' id='word_1_174' title='bbox 190 3688 331 3763; x_wconf 89' lang='lat' dir='ltr'>cunctis</span> <span class='ocrx_word' id='word_1_175' title='bbox 360 3688 527 3760; x_wconf 91' lang='lat' dir='ltr'>merendi</span> <span class='ocrx_word' id='word_1_176' title='bbox 556 3689 780 3760; x_wconf 90' lang='lat' dir='ltr'>tribueretur</span> <span class='ocrx_word' id='word_1_177' title='bbox 806 3686 970 3773; x_wconf 86' lang='lat' dir='ltr'>materia,</span> <span class='ocrx_word' id='word_1_178' title='bbox 993 3703 1032 3759; x_wconf 90' lang='lat' dir='ltr'>et</span> <span class='ocrx_word' id='word_1_179' title='bbox 1060 3686 1312 3758; x_wconf 90' lang='lat' dir='ltr'>excusationis</span> 
     </span>
     <span class='ocr_line' id='line_1_28' title="bbox 190 3793 788 3892; baseline -0.002 -25"><span class='ocrx_word' id='word_1_180' title='bbox 190 3796 359 3869; x_wconf 87' lang='lat' dir='ltr'>velamen</span> <span class='ocrx_word' id='word_1_181' title='bbox 388 3793 557 3892; x_wconf 91' lang='lat' dir='ltr'>reprobis</span> <span class='ocrx_word' id='word_1_182' title='bbox 585 3795 788 3868; x_wconf 88' lang='lat' dir='ltr'>tolleretur.</span> 
     </span>
    </p>
   </div>
   <div class='ocr_carea' id='block_1_8' title="bbox 191 4001 1345 4220">
    <p class='ocr_par' dir='ltr' id='par_1_11' title="bbox 191 4001 1345 4220">
     <span class='ocr_line' id='line_1_29' title="bbox 262 4001 1316 4075; baseline -0.006 -16"><span class='ocrx_word' id='word_1_183' title='bbox 262 4004 323 4067; x_wconf 82' lang='lat'>5·6.</span> <span class='ocrx_word' id='word_1_184' title='bbox 340 4006 364 4058; x_wconf 83' lang='lat' dir='ltr'><em>A</em></span> <span class='ocrx_word' id='word_1_185' title='bbox 381 4022 431 4058; x_wconf 84' lang='lat' dir='ltr'>om.</span> <span class='ocrx_word' id='word_1_186' title='bbox 446 4021 501 4057; x_wconf 91' lang='lat' dir='ltr'>non</span> <span class='ocrx_word' id='word_1_187' title='bbox 513 4034 529 4042; x_wconf 98' lang='lat'>-</span> <span class='ocrx_word' id='word_1_188' title='bbox 540 4003 623 4056; x_wconf 84' lang='lat' dir='ltr'>linem</span> <span class='ocrx_word' id='word_1_189' title='bbox 696 4021 720 4075; x_wconf 81' lang='lat'>9.</span> <span class='ocrx_word' id='word_1_190' title='bbox 738 4004 792 4072; x_wconf 89' lang='lat' dir='ltr'>De]</span> <span class='ocrx_word' id='word_1_191' title='bbox 811 4003 844 4055; x_wconf 90' lang='lat' dir='ltr'><em>M</em></span> <span class='ocrx_word' id='word_1_192' title='bbox 854 4014 880 4055; x_wconf 86' lang='lat' dir='ltr'>et</span> <span class='ocrx_word' id='word_1_193' title='bbox 956 4017 995 4068; x_wconf 83' lang='lat'>15.</span> <span class='ocrx_word' id='word_1_194' title='bbox 1013 4003 1036 4055; x_wconf 80' lang='lat' dir='ltr'><em>A</em></span> <span class='ocrx_word' id='word_1_195' title='bbox 1052 4001 1149 4053; x_wconf 88' lang='lat' dir='ltr'>timore</span> <span class='ocrx_word' id='word_1_196' title='bbox 1227 4016 1267 4068; x_wconf 84' lang='lat'>¹9·</span> <span class='ocrx_word' id='word_1_197' title='bbox 1284 4002 1316 4053; x_wconf 84' lang='lat' dir='ltr'>M</span> 
     </span>
     <span class='ocr_line' id='line_1_30' title="bbox 191 4080 1313 4156; baseline -0.003 -20"><span class='ocrx_word' id='word_1_198' title='bbox 191 4085 319 4156; x_wconf 83' lang='lat' dir='ltr'>impleant</span> <span class='ocrx_word' id='word_1_199' title='bbox 416 4101 511 4155; x_wconf 87' lang='lat'>19-20.</span> <span class='ocrx_word' id='word_1_200' title='bbox 531 4085 552 4138; x_wconf 89' lang='lat' dir='ltr'><strong><em>R</em></strong></span> <span class='ocrx_word' id='word_1_201' title='bbox 571 4087 779 4137; x_wconf 82' lang='lat' dir='ltr'>commendetur</span> <span class='ocrx_word' id='word_1_202' title='bbox 871 4098 912 4136; x_wconf 84' lang='lat'>22.</span> <span class='ocrx_word' id='word_1_203' title='bbox 933 4083 954 4135; x_wconf 90' lang='lat' dir='ltr'><em>R</em></span> <span class='ocrx_word' id='word_1_204' title='bbox 975 4099 1044 4154; x_wconf 84' lang='lat' dir='ltr'>quae</span> <span class='ocrx_word' id='word_1_205' title='bbox 1136 4097 1178 4152; x_wconf 75' lang='lat'>²3·</span> <span class='ocrx_word' id='word_1_206' title='bbox 1199 4080 1231 4132; x_wconf 78' lang='lat' dir='ltr'><em>M</em></span> <span class='ocrx_word' id='word_1_207' title='bbox 1250 4081 1313 4133; x_wconf 89' lang='lat' dir='ltr'>ldeo</span> 
     </span>
     <span class='ocr_line' id='line_1_31' title="bbox 192 4162 1345 4220; baseline 0.004 -4"><span class='ocrx_word' id='word_1_208' title='bbox 192 4162 234 4217; x_wconf 86' lang='lat'>26.</span> <span class='ocrx_word' id='word_1_209' title='bbox 254 4165 286 4217; x_wconf 83' lang='lat' dir='ltr'><em>M</em></span> <span class='ocrx_word' id='word_1_210' title='bbox 302 4184 350 4220; x_wconf 87' lang='lat' dir='ltr'>om.</span> <span class='ocrx_word' id='word_1_211' title='bbox 370 4166 496 4218; x_wconf 87' lang='lat' dir='ltr'>velamen</span> <span class='ocrx_word' id='word_1_212' title='bbox 1342 4165 1345 4173; x_wconf 78' lang='grc'><strong>’</strong></span> 
     </span>
    </p>
   </div>
   <div class='ocr_carea' id='block_1_9' title="bbox 619 4342 885 4354">
    <p class='ocr_par' dir='ltr' id='par_1_12' title="bbox 619 4342 885 4354">
     <span class='ocr_line' id='line_1_32' title="bbox 619 4342 885 4354; baseline -0.004 -4"><span class='ocrx_word' id='word_1_213' title='bbox 619 4342 885 4354; x_wconf 35' lang='lat' dir='ltr'>—ss—</span> 
     </span>
    </p>
   </div>
   <div class='ocr_carea' id='block_1_10' title="bbox 0 0 1587 4875">
    <p class='ocr_par' dir='ltr' id='par_1_13' title="bbox 0 0 1587 4875">
     <span class='ocr_line' id='line_1_33' title="bbox 0 0 1587 4875; baseline 0 0"><span class='ocrx_word' id='word_1_214' title='bbox 0 0 1587 4875; x_wconf 95' lang='lat' dir='ltr'> </span> 
     </span>
    </p>
   </div>
  </div>
 </body>
</html>
