3142 4875
566 356 675 406 BEATl
709 355 904 406 FRANCISCI
1250 356 1261 401 I
1278 355 1288 402 Ι

173 616 321 663 saurum
341 589 553 689 pretiosum
573 608 611 664 et
629 597 809 688 magnum
829 616 870 664 se
897 616 1069 664 asserens
1098 588 1294 663 invenisse.

173 697 348 771 Exsultat
368 699 486 772 homo
515 696 585 782 ille,
607 723 651 771 ac
680 698 727 770 de
747 697 884 770 auditis
903 697 1088 770 exsistens
1107 694 1302 788 sollicitus,¹

172 802 331 877 libenter
361 831 448 878 cum
478 830 526 876 eo
553 805 722 901 graditur
763 805 912 900 quoties
939 804 1154 878 advocatur.
1214 804 1297 874 Mo·

171 913 241 981 dus
267 913 530 986 conversionis.
589 911 733 1008 Crypta
761 912 948 1007 quaedam
989 926 1070 983 erat
1111 909 1214 982 iuxta
1250 907 1297 981 ci·

131 1018 336 1102 §vitatem
370 1018 421 1090 ad
464 1042 576 1113 quam
619 1018 834 1114 frequenter
877 1033 1009 1090 euntes
1043 1017 1092 1089 de
1119 1017 1296 1089 thesauro

174 1139 301 1197 mutuo
317 1124 582 1221 loquebantur.
621 1125 787 1197 Intrabat
806 1123 862 1198 vir
875 1123 961 1210 Dei,
978 1123 1041 1220 qui
1057 1139 1207 1195 sanctus
1222 1122 1293 1194 iam

171 1246 301 1304 sancto
330 1230 529 1328 proposito
557 1247 646 1314 erat,
679 1247 848 1328 cryptam
878 1229 986 1315 illam,
1009 1228 1112 1302 socio
1131 1227 1178 1301 de
1209 1227 1296 1300 loris

173 1354 431 1434 exspectante,
472 1354 510 1411 et
546 1362 644 1410 novo
673 1363 716 1411 ac
758 1335 936 1435 singulari
965 1337 1137 1434 perfusus
1165 1335 1294 1432 spiritu

174 1445 320 1518 Patrem
342 1469 454 1517 suum
474 1444 512 1515 iu
531 1445 752 1518 abscondito
767 1440 959 1518 exorabat.
1017 1442 1214 1516 Gestiebat
1236 1466 1296 1513 ne·

115 1562 148 1607 10
175 1550 311 1623 minem
343 1550 441 1624 scire
470 1550 559 1647 quid
587 1568 721 1649 ageret
762 1551 871 1633 intus,
903 1566 941 1623 et
979 1550 1178 1623 occasione
1207 1547 1297 1619 boni

174 1656 305 1730 melius
320 1656 514 1754 sapienter
528 1656 729 1741 occultam,
752 1657 872 1731 solum
888 1658 1013 1730 Deum
1030 1657 1067 1729 in
1083 1681 1150 1728 suo
1166 1670 1297 1727 sancto

175 1765 372 1861 proposito
400 1763 628 1837 consulebat.
688 1764 834 1838 Orabat
863 1766 1031 1846 devotus,
1055 1778 1095 1835 ut
1113 1763 1219 1834 Deus
1238 1785 1297 1832 ae·

175 1886 303 1943 ternus
333 1887 373 1944 et
402 1896 512 1944 verus
541 1869 720 1968 dirigeret
747 1870 846 1944 viam
866 1896 981 1952 suam,
1012 1885 1051 1942 et
1070 1894 1174 1942 suam
1197 1866 1297 1939 illum

177 1978 330 2051 doceret
346 1978 719 2051 lacerevoluntatem.
750 1977 956 2051 Maximam
967 1974 1174 2049 sustinebat
1185 1973 1297 2046 animi

119 2095 149 2159 15
177 2086 404 2180 passionem,
435 2099 473 2157 et
501 2084 622 2157 donec
651 2109 766 2181 opere
795 2082 1000 2181 compleret
1028 2083 1129 2179 quod
1168 2104 1298 2153 conce-

179 2207 282 2287 perat
301 2191 429 2275 corde,
453 2191 647 2287 quiescere
667 2217 741 2264 non
756 2190 915 2263 valebat.
961 2188 1224 2286 Cogitationes
1239 2211 1298 2259 va·

179 2296 252 2370 riae
280 2298 354 2370 sibi
383 2296 542 2370 invicem
571 2298 833 2381 succedebant,
865 2314 902 2370 et
930 2296 1094 2394 ipsarum
1123 2296 1299 2391 importu-

180 2403 272 2478 nitas
301 2429 390 2478 eum
420 2404 562 2478 duriter
588 2406 842 2502 perturbabat.
902 2404 1073 2477 Ardebat
1092 2402 1191 2476 intus
1211 2400 1299 2498 igne

180 2511 315 2596 divino,
338 2528 378 2584 et
397 2528 620 2610 conceptum
639 2514 812 2586 ardorem
833 2512 967 2584 mentis
988 2510 1108 2583 celare
1134 2510 1182 2582 de
1211 2507 1300 2580 loris

120 2631 155 2677 20
182 2644 252 2690 non
273 2618 436 2692 valebat.
464 2618 467 2623 ⁴
493 2619 713 2692 Poenitebat
733 2644 820 2691 eum
841 2644 1017 2715 peccasse
1038 2633 1114 2689 tam
1134 2615 1301 2714 graviter

181 2741 217 2796 et
244 2723 447 2799 offendisse
475 2727 604 2798 oculos
632 2725 848 2809 maiestatis,
881 2750 950 2798 nec
979 2724 1052 2798 iam
1081 2749 1167 2796 eum
1204 2720 1300 2794 mala

182 2831 382 2927 praeterita
411 2857 475 2905 seu
505 2832 717 2928 praeseutia
745 2830 1007 2916 delectabant,
1037 2831 1104 2902 sed
1134 2827 1299 2901 nondum

183 2939 293 3035 plene
321 2954 515 3035 receperat
544 2937 759 3011 continendi
779 2937 952 3010 fiduciam
974 2963 995 3009 a
1015 2936 1156 3009 suturis.
1215 2935 1301 3006 Pro·

184 3060 311 3138 pterea
340 3071 425 3117 curn
454 3045 552 3118 foras
581 3045 837 3118 revertebatur
864 3045 913 3118 ad
951 3043 1103 3127 socium,
1142 3042 1192 3114 ita
1221 3056 1301 3114 erat

123 3160 156 3227 25
184 3150 310 3224 labore
339 3153 540 3236 conlectus
573 3168 613 3223 ut
654 3151 748 3224 alius
789 3150 940 3239 intrans
971 3149 1065 3224 alius
1093 3148 1223 3222 exiens
1252 3147 1301 3219 vi·

185 3258 344 3331 deretur.

267 3384 300 3456 7.
332 3364 505 3459 Quadam
535 3390 625 3437 vero
646 3364 705 3436 die
721 3390 805 3437 cum
826 3363 980 3436 Domini
1010 3360 1301 3434 misericordiam

187 3471 398 3566 plenissime
426 3473 646 3556 invocasset,
678 3487 870 3544 ostensum
913 3487 970 3543 est
1011 3468 1045 3542 ei
1086 3466 1302 3542 aDomino

188 3577 273 3673 quid
292 3578 413 3675 ipsum
433 3604 549 3677 agere
568 3594 769 3674 oporteret.
828 3576 1028 3672 Tantoque
1048 3574 1226 3670 deinceps
1246 3599 1304 3645 re-

127 3693 162 3756 30
188 3686 308 3779 pletus
328 3701 385 3758 est
403 3684 553 3784 gaudio,
576 3685 678 3781 quod
699 3709 772 3757 non
794 3710 833 3756 se
854 3684 1005 3780 capiens
1035 3707 1124 3779 prae
1153 3679 1300 3761 laetitia,

192 3791 300 3864 etiam
332 3790 462 3864 nolens
490 3791 538 3865 ad
566 3818 676 3864 aures
704 3792 897 3864 hominum
931 3790 1070 3886 aliquid
1099 3788 1302 3861 eructabat.

256 4036 279 4073 2.
302 4021 337 4073 Or
356 4037 404 4072 om.
420 4019 466 4073 ille
537 4036 562 4086 4.
581 4021 616 4085 Ε,
637 4022 682 4082 M,
704 4021 723 4074 R
744 4018 958 4072 conversationis
1021 4018 1062 4071 Or
1080 4018 1181 4088 Crypta
1198 4032 1262 4068 vero
1282 4032 1307 4085 q¹

188 4095 365 4152 6.Rlurabat
402 4099 430 4152 H
440 4101 599 4153 virsanctus
613 4102 658 4170 qul
674 4112 784 4153 sanctus
854 4112 878 4165 7.
895 4100 989 4151 Osom.
1003 4110 1096 4150 sancto
1161 4099 1185 4149 8.
1200 4097 1235 4159 E,
1258 4096 1304 4160 Os,

190 4179 242 4242 Ox,
264 4181 303 4232 W
315 4177 439 4249 profusus
513 4180 777 4234 11.0som.sancto
854 4178 998 4231 12.Hom
1025 4179 1138 4230 devotus
1215 4190 1254 4241 15.
1273 4178 1307 4230 Os

188 4275 254 4329 quae
344 4256 437 4312 16-20.
451 4259 485 4313 05
497 4277 545 4313 om.
557 4258 881 4330 Cogitationes-valebat
976 4259 1072 4323 17-18.
1094 4259 1122 4310 ll
1138 4259 1307 4325 inoportuni-

187 4350 225 4392 tas
280 4338 375 4408 23.M
387 4352 510 4402 coeperat
548 4341 597 4404 Os,
614 4340 656 4395 Ox
669 4350 833 4408 conceperat
889 4337 973 4405 30,H
983 4354 1031 4389 om.
1046 4351 1087 4390 est
1145 4353 1185 4404 31.
1206 4336 1301 4403 eriam]

189 4418 217 4471 lt
234 4429 259 4471 et
