3142 4875
229 606 337 679 lumis
366 604 436 678 illa·
453 606 579 679 statim
608 605 775 689 efficitur,
805 605 887 678 liliis
914 606 1153 703 precantibus
1182 622 1345 704 patrem;

229 713 296 785 sed
324 714 505 787 adhaeret
534 713 705 786 manibus
732 712 931 810 vestigium
963 714 1236 787 combusturae.

315 842 398 891 101.
422 820 463 891 ln
493 819 701 915 Campania
723 819 851 892 maiori
872 819 989 893 simile
1011 820 1189 916 quiddam
1209 821 1346 893 evenit.

228 927 364 999 Mulier
392 927 589 1048 quaedam,
621 925 657 999 in
692 927 818 1024 vigilia
846 927 945 1000 beati
975 927 1173 1010 Francisci,
1214 953 1299 999 cum
1328 953 1350 999 a

180 1060 196 1125 5
228 1033 431 1106 convicinis
461 1033 675 1106 mulieribus
704 1034 799 1106 soret
827 1034 976 1131 saepius
1006 1034 1207 1130 increpata,
1247 1035 1347 1131 quod

229 1157 381 1237 propter
409 1142 544 1212 festum
573 1155 715 1213 tantum
738 1165 810 1213 non
833 1142 1042 1238 quiesceret
1061 1167 1082 1214 a
1102 1143 1239 1225 labore,
1264 1167 1348 1238 per·

228 1247 459 1320 vicacissime
484 1272 579 1344 opus
599 1273 706 1319 suum
726 1249 908 1344 protraxit
936 1250 984 1321 ad
1012 1274 1222 1345 vesperum,
1245 1247 1348 1321 labo-

229 1379 310 1427 rare
331 1379 404 1425 non
425 1379 586 1426 cessans.
645 1354 721 1427 Sed
749 1369 835 1450 post
859 1381 954 1451 opus
973 1373 1127 1452 repente
1148 1356 1348 1429 debilitatis

229 1461 400 1534 manibus
419 1477 457 1533 et
488 1461 595 1533 nullis
624 1461 697 1533 iarn
726 1461 822 1558 aptis
851 1462 992 1546 officiis,
1024 1479 1178 1560 stupore
1207 1488 1250 1536 ac
1279 1463 1348 1535 do-

164 1591 201 1638 io
229 1566 306 1640 lore
339 1566 545 1664 corripitur.
603 1568 774 1641 Protinus
800 1569 929 1667 surgit,
961 1584 999 1642 et
1027 1571 1272 1642 reverendum
1295 1570 1347 1641 se·

229 1690 326 1747 stum
342 1675 443 1771 quod
460 1691 738 1772 contempserat
752 1676 920 1748 solemne
935 1677 1168 1758 denuntians,
1183 1677 1219 1749 in
1236 1701 1345 1748 manu

228 1781 433 1854 sacerdotis
461 1782 677 1854 solemniter
705 1781 806 1853 vovit
834 1782 967 1855 festum
987 1783 1104 1855 sancti
1135 1799 1348 1856 reverenter

228 1914 269 1960 se
284 1906 467 1985 perpetuo
487 1887 685 1961 custodire.
744 1889 865 1981 Quae,
882 1907 972 1963 voto
993 1889 1141 1972 emisso,
1159 1891 1206 1963 ad
1221 1915 1347 1986 quam-

229 1995 315 2068 dam
344 1994 539 2069 ecclesiam
569 1995 605 2067 in
644 1996 786 2069 honore
815 1997 932 2069 sancti
962 1997 1149 2069 Francisci
1179 2013 1347 2069 constru-

162 2125 197 2189 ¹5
229 2119 326 2174 ctam
355 2102 561 2186 adducitur,
592 2118 631 2175 et
669 2103 704 2174 in
740 2128 784 2176 ea
819 2103 1010 2199 pristinam
1048 2104 1171 2176 multis
1200 2103 1348 2176 fletibus

230 2224 424 2304 recuperat
451 2210 659 2282 sanitatem.

315 2338 397 2387 102.
429 2316 469 2388 ln
497 2314 583 2388 villa
612 2316 712 2389 Oleti
743 2315 874 2390 mulier
902 2319 1098 2413 quaedam,
1131 2343 1215 2390 cum
1243 2342 1265 2389 a
1293 2318 1347 2388 vi-

229 2421 311 2495 cina
341 2438 556 2496 moneretur
584 2439 624 2495 ut
652 2425 785 2497 festum
807 2423 996 2498 excoleret
1020 2424 1137 2498 sancti
1159 2424 1346 2498 Francisci

230 2555 298 2602 nec
327 2531 364 2602 in
393 2554 440 2602 eo
467 2530 606 2627 aliquid
627 2550 855 2627 operaretur,
886 2532 1037 2604 nimium
1069 2532 1276 2629 procaciter
1295 2558 1346 2605 re-

158 2660 201 2707 ιο
229 2635 389 2733 spondit,
422 2638 569 2710 dicens:
601 2636 639 2708 Si
676 2641 724 2710 de
761 2640 927 2735 qualibet
960 2656 1040 2712 arte
1073 2665 1169 2712 unus
1197 2655 1348 2712 sanctus

229 2744 436 2823 exsisteret,
455 2744 598 2816 dierum
615 2770 808 2817 numerum
821 2771 996 2818 numerus
1011 2763 1225 2819 sanctorum
1241 2772 1347 2820 exce·

230 2853 345 2923 deret.
403 2850 491 2943 Quo
511 2852 627 2923 verbo
646 2851 759 2924 stulto
778 2854 934 2949 prolat0,
957 2852 1096 2927 ultione
1116 2855 1240 2926 divina
1261 2880 1346 2949 pro·

230 2957 328 3029 tinus
357 2957 539 3037 insanivit,
572 2973 610 3030 et
638 2984 705 3055 per
741 2959 823 3031 dies
858 2959 994 3032 multos
1031 2962 1175 3034 ratione
1203 2977 1241 3033 et
1270 2986 1347 3034 me-

229 3064 347 3137 moria
376 3064 504 3147 caruit,
535 3065 666 3147 donec,
699 3065 871 3161 precibus
890 3066 1097 3163 aliquorum
1127 3070 1174 3141 ad
1194 3069 1345 3140 beatum

158 3193 199 3260 25
229 3170 469 3244 Franciscum
498 3171 599 3255 susis,
631 3172 726 3244 illius
754 3172 897 3246 insania
926 3174 1149 3271 conquievit.

315 3299 398 3370 103.
431 3279 470 3349 ln
500 3294 623 3351 castro
652 3278 764 3361 Pillei,
797 3279 845 3352 de
873 3282 1063 3376 provincia
1103 3282 1342 3378 Campaniae,

229 3384 265 3455 in
295 3385 390 3456 sesto
419 3384 536 3456 sancti
558 3385 745 3457 Francisci
772 3385 902 3459 mulier
920 3389 1105 3485 quaedam
1137 3387 1345 3460 laboritlum

229 3516 335 3564 suum
366 3491 520 3563 sollicite
550 3493 761 3565 exercebat.
820 3493 895 3566 Sed
924 3520 946 3568 a
975 3496 1136 3590 quadam
1167 3494 1278 3567 nobili
1299 3496 1347 3567 de

230 3598 300 3669 hoc
319 3599 485 3695 graviter
504 3599 715 3696 redarguta,
740 3625 824 3672 cum
844 3602 891 3673 ab
912 3602 1085 3673 omnibus
1106 3603 1346 3673 veneratione

159 3727 200 3792 30
229 3704 354 3777 divina
383 3705 584 3778 coleretur:
614 3706 759 3789 Parum,
784 3708 911 3803 inquit,
935 3724 1050 3780 restat
1070 3726 1109 3778 ut
1138 3708 1345 3805 compleam

229 3837 323 3908 opus
352 3837 495 3894 meum;
535 3812 661 3885 videat
695 3813 890 3896 Dominus,
923 3815 952 3885 si
982 3814 1142 3886 offendo.
1214 3814 1346 3886 Statim

230 3917 265 3989 in
295 3917 391 4001 filia,¹
410 3942 506 4013 quae
535 3944 652 4016 prope
682 3921 848 4002 sedebat,
876 3921 993 3992 cernit
1021 3946 1137 4019 grave
1158 3921 1344 3994 iudicium.

230 4023 504 4121 Obliquabatur
532 4050 575 4098 os
612 4026 756 4122 puellae
786 4053 905 4122 usque
934 4027 982 4099 ad
1010 4053 1130 4112 aureS,
1163 4047 1201 4101 et
1238 4028 1346 4113 oculi,

228 4131 330 4205 velut
359 4132 461 4203 exire
477 4134 668 4230 compulsi,
688 4133 1235 4232 miserabilitertorquebantur.
1276 4137 1349 4208 Ac·

158 4271 196 4336 35
229 4252 382 4311 currunt
410 4238 574 4335 undique
612 4238 796 4326 mulieres,
829 4256 866 4314 et
901 4243 1029 4315 matris
1070 4242 1251 4339 impietati
1280 4269 1348 4341 pro

228 4344 416 4418 innocenti
447 4343 520 4418 lilia
547 4345 785 4420 maledicunt.
844 4348 944 4421 lllico
962 4351 1164 4446 prosternit
1183 4376 1224 4423 se
1244 4352 1344 4422 humi

228 4453 358 4525 dolore
378 4452 573 4549 completa,
591 4453 764 4526 festivum
784 4456 976 4553 spondens
999 4457 1188 4531 annuatim
1209 4457 1348 4529 ducere
