3142 4875
600 405 878 455 PROLEGOMENA
1182 404 1298 455 LXXIII

168 630 344 716 containing
360 651 380 695 o
395 628 574 718 description
590 627 626 718 os
636 648 722 716 every
734 640 834 694 extant
854 627 1025 717 Vertionlry
1042 628 1088 695 the
1102 628 1176 697 Rev.
1195 629 1240 696 H.
1259 630 1299 697 G.

171 739 366 816 Rosnunen,
379 736 491 817 Mn„
506 735 550 802 D.
558 735 615 814 D,
629 733 668 800 F.
677 734 707 802 S.
717 735 758 801 A.
804 733 958 801 London:
974 733 1147 802 Published
1161 735 1239 822 byJ.
1254 736 1300 804 M.

173 845 263 910 Dent
286 844 319 908 llo
342 841 405 911 Co.
432 861 463 907 at
488 840 605 907 Aldine
630 840 744 908 House
763 860 806 926 29
827 841 858 907 ὅ(
876 861 918 926 30
941 838 1081 908 Bedford
1101 842 1216 923 Street‚
1234 842 1302 909 Co·

174 967 253 1017 vent
272 947 415 1028 Garden‚
433 948 487 1015 W.
499 948 538 1016 C.
587 947 753 1016 MCMIV.
800 947 974 1017 Continet:
1003 974 1019 1010 n
1032 948 1256 1016 Introduction
1269 975 1302 1030 o,

175 1081 229 1145 pp.
246 1076 360 1123 mur.
380 1092 421 1105 -
443 1053 646 1121 «Tractatus
659 1053 779 1142 primus
796 1075 892 1141 super
908 1054 1008 1120 vitam
1027 1053 1126 1121 sancti
1144 1055 1303 1122 Francisci

178 1162 217 1231 de
250 1162 363 1230 Assisii
395 1161 482 1252 (tit),
513 1184 570 1229 seu
599 1159 752 1250 Legenda
784 1160 945 1249 Gregorii,
976 1161 1113 1249 scriptus
1148 1163 1231 1229 circa
1263 1165 1302 1228 A.

178 1269 221 1336 Ι).
238 1288 332 1356 1224,
347 1287 478 1336 auctore
493 1266 627 1334 Thoma
643 1267 683 1335 de
699 1266 824 1337 Celano
836 1294 869 1347 n,
882 1291 934 1356 pp.
954 1288 1026 1335 112.
1043 1307 1083 1316 -
1105 1267 1302 1356 «Appendix

179 1375 345 1443 advitam
377 1375 516 1463 primam
542 1375 644 1442 sancti
668 1374 827 1450 Francisci
852 1373 892 1441 de
916 1374 1026 1441 Assisii
1056 1398 1112 1441 seu
1147 1373 1301 1464 Legenda

178 1481 319 1570 antiqua,
332 1482 447 1568 scripta
460 1481 542 1547 circa
557 1482 596 1547 A.
612 1482 652 1548 D.
674 1501 768 1569 1247,
782 1500 911 1547 auctore
928 1479 1061 1547 Thoma
1076 1479 1116 1549 de
1132 1481 1257 1549 Celano
1269 1508 1302 1561 a,

178 1614 230 1679 pp.
258 1609 332 1656 110.
359 1627 401 1637 -
424 1589 627 1656 «Tractatus
652 1586 813 1655 secundus
836 1610 932 1675 super
955 1589 1054 1654 vitam
1078 1589 1180 1656 sancti
1203 1589 1303 1655 Fran·

179 1696 254 1763 cisci
282 1694 322 1762 de
351 1685 468 1762 Assisii'
486 1718 562 1762 cum
590 1693 751 1762 Miraculis
782 1696 917 1783 scriptus
948 1694 1029 1761 circa
1062 1697 1098 1763 A.
1129 1696 1170 1763 D.
1208 1716 1305 1782 1257,

179 1820 311 1870 auctore
334 1801 470 1870 Thoma
493 1801 533 1869 de
558 1802 727 1885 Celanon,
751 1825 804 1890 pp.
833 1823 905 1889 174.

246 1910 333 1977 Huic
356 1908 493 1977 editioni
516 1910 680 1998 praemisit
698 1909 979 1977 Introductionem
995 1910 1028 1977 in
1046 1931 1109 1998 qua
1125 1911 1215 1998 plura
1231 1931 1306 1978 sunt

178 2016 334 2084 notanda.
382 2018 432 2085 De
451 2016 488 2084 fr.
508 2016 642 2084 Thoma
655 2017 802 2105 loquens,
817 2034 1047 2106 argumentum
1067 2017 1222 2085 hactenus
1238 2017 1306 2084 ine-

179 2122 284 2191 dimm
308 2122 427 2212 profert
440 2123 479 2191 ad
494 2124 693 2212 probandam
710 2127 778 2193 eius
795 2124 1020 2212 praesentiam,
1035 2143 1182 2213 tempure
1198 2123 1306 2192 obitus

178 2231 282 2299 sancti
302 2231 474 2298 Francisci.
523 2231 681 2319 Agnoscit
699 2231 786 2297 enim
806 2229 976 2297 Thomam
999 2231 1032 2297 in
1057 2230 1111 2297 illo
1135 2228 1229 2298 fratre
1252 2231 1304 2297 cui
1393 2229 1394 2232 ’

179 2337 372 2426 Seraphicus
386 2339 480 2405 Pater
491 2336 639 2405 infirmus
648 2335 735 2405 dedit
746 2339 889 2406 tunicam
898 2336 1018 2427 (vidp.
1029 2337 1302 2429 208,'cap.XXI),

179 2444 258 2512 dum
282 2468 323 2512 ex
346 2447 529 2513 narratione
552 2464 678 2514 constat
700 2448 832 2535 quinam
857 2444 950 2512 fuerit
972 2445 1024 2512 ille
1051 2444 1157 2528 frater,
1181 2447 1304 2514 scilicet

179 2553 259 2635 Leo,
272 2552 356 2620 clare
368 2550 555 2641 designatus
567 2554 598 2619 in
612 2552 812 2641 praecedenti
826 2550 1017 2640 capitulo.(¹)
1063 2551 1163 2620 Addit
1175 2554 1302 2643 insuper

179 2661 263 2729 hanc
276 2660 418 2727 tunicam
438 2658 536 2728 fuisse
550 2662 583 2728 in
599 2661 808 2729 Germaniam
821 2676 1047 2739 transvectam,
1059 2657 1138 2726 dum
1154 2659 1302 2726 Thomas

178 2766 288 2834 scribit
309 2768 344 2834 in
368 2767 546 2834 Franciam.
595 2767 670 2833 Hoc
692 2790 796 2835 unum
820 2764 936 2833 sufficit
959 2764 998 2831 ad
1014 2763 1303 2833 demonstrandum

177 2873 288 2962 quanti
304 2872 408 2940 valeat
429 2874 536 2941 critica
556 2872 701 2952 editoris,
719 2872 785 2965 qui,
802 2874 848 2939 uti
870 2872 937 2938 iam
953 2873 1096 2960 superius
1113 2871 1190 2954 dini,
1206 2873 1303 2939 verba

177 2976 215 3045 fr.
229 2978 416 3046 Salimbene
432 2998 464 3046 et
480 2978 645 3047 Chronica
658 2978 773 3046 XXIV
791 2978 998 3046 Generalium
1010 2997 1095 3045 recte
1109 3001 1176 3046 non
1189 2978 1305 3046 intelli·

179 3108 271 3174 gens,
283 3107 368 3174 opus
393 3109 517 3153 novum
542 3083 577 3152 fr.
597 3084 750 3151 Thomae
767 3083 887 3165 tribuit,
906 3083 995 3173 quod
1015 3085 1111 3151 etiam
1131 3084 1241 3167 edidit,
1256 3108 1304 3151 re·

179 3213 296 3283 putans
319 3193 494 3260 lectionem
514 3192 712 3260 Memorialis
735 3213 792 3259 seu
812 3190 984 3279 Legendae
1003 3191 1163 3259 secundae
1183 3193 1215 3259 in
1231 3191 1304 3260 cod.

180 3300 279 3367 Mass.
305 3321 387 3388 opus
412 3298 574 3367 diversum
599 3300 793 3365 constituere
817 3320 834 3363 a
859 3298 1041 3366 Memoriali
1061 3299 1092 3364 in
1113 3297 1185 3365 cod.
1202 3301 1302 3366 Assis.

180 3405 264 3474 Illud
287 3405 446 3495 estquod
471 3406 564 3473 tertio
583 3405 657 3473 loco
680 3404 798 3493 posuit,
811 3402 955 3494 praefixo
979 3405 1041 3472 hoc
1066 3405 1172 3472 titulo:
1191 3432 1206 3468 o
1223 3406 1304 3472 Tra·

180 3530 281 3580 cratus
304 3511 467 3580 secundus
480 3536 511 3577 n.

246 3620 298 3688 Ad
322 3638 448 3687 textum
472 3620 565 3687 huius
589 3619 739 3687 editionis
754 3620 906 3687 devenire
922 3639 981 3686 est.
1028 3619 1158 3688 Omnes
1174 3620 1301 3687 codices

182 3725 355 3817 Legendae
380 3729 394 3793 I
417 3725 672 3815 supraindicatos
694 3726 843 3815 inspexit,
867 3726 954 3815 quod
975 3726 1158 3795 incredibile
1177 3726 1303 3794 videtur

181 3857 221 3902 en
245 3832 347 3901 modo
361 3855 436 3923 ¹quo
459 3833 531 3900 illos
554 3832 641 3922 legit.
688 3833 850 3921 Sequutus
874 3853 921 3901 est
951 3835 1120 3922 praecipue
1145 3833 1302 3900 Coditem

182 3938 426 4007 Londinensem
435 3939 543 4029 (cuius
555 3957 701 4007 accurata
712 3941 892 4028 recognitio
906 3939 985 4006 mihi
999 3940 1097 4021 deest,
1112 3958 1146 4007 ut
1157 3940 1304 4030 monui);

181 4045 236 4114 sed
259 4068 342 4135 quae
365 4045 447 4114 fides
468 4045 514 4112 illi
538 4044 746 4135 praestanda?
792 4047 844 4114 Ne
863 4067 915 4112 me
932 4046 1086 4113 iniustum
1103 4046 1212 4112 credas
1228 4067 1304 4133 erga

252 4309 293 4379 (1)
314 4309 475 4382 Capitulum
493 4309 600 4379 inprit:
622 4328 637 4359 t
648 4309 679 4362 In
698 4308 797 4362 eodem
809 4307 899 4361 fratre
911 4349 916 4359 .
928 4350 934 4363 .
946 4348 952 4362 .
964 4329 988 4373 n,
1004 4307 1108 4361 scilicet
1129 4309 1175 4362 illo
1193 4309 1226 4362 de
1249 4326 1305 4380 quo

184 4412 262 4454 antea
280 4400 452 4471 loquebatur,
472 4410 499 4452 et
516 4399 561 4453 ille
577 4411 618 4453 est
633 4398 714 4452 irater
729 4399 774 4470 qui
788 4410 906 4452 tentatus
920 4399 1046 4469 scriptum
1062 4399 1208 4451 recreabile
1223 4416 1305 4452 manu

184 4488 268 4542 sancti
285 4488 425 4544 Francisci
445 4488 570 4559 cupiebat
588 4487 697 4554 habere,
712 4486 815 4541 scilicet
833 4485 865 4541 ir.
885 4486 948 4540 leo.

308 4630 335 4720 f
