3142 4875
635 310 913 361 PROLEGOMENA
1244 309 1333 359 LXIII

209 535 323 601 Unurn
346 551 379 600 et
400 532 489 599 idem
514 553 598 619 opus
623 552 693 598 esse
716 549 840 598 certum
864 548 922 609 est,
945 530 1001 597 sed
1027 529 1215 611 breviatum,
1232 531 1284 598 vel
1307 531 1333 596 si

206 641 263 709 tibi
282 642 389 730 magis
413 639 544 720 arridet,
563 638 704 707 secunda
720 638 819 705 editio
835 657 882 705 est
898 638 1043 705 eiusdem
1062 639 1167 725 operis
1183 658 1335 720 correcta,

203 748 314 816 forsan
331 748 369 816 ab
388 749 458 836 ipso
479 766 623 828 auctore,
647 764 781 814 tractatu
800 746 1027 814 miraculorum
1048 745 1113 812 iam
1138 747 1332 834 composito.

204 855 359 922 Thomas
382 854 470 921 enim
494 853 535 920 ad
556 853 822 942 compilati0nern
842 851 975 920 huiusce
993 851 1098 920 ultimi
1117 853 1221 940 operis
1240 854 1335 919 mira·

205 963 280 1029 cula
303 980 370 1029 tam
389 963 423 1029 in
441 962 544 1050 prima
563 982 663 1049 quarn
682 961 716 1027 in
734 960 874 1027 secunda
895 958 1033 1048 legenda
1052 960 1116 1025 iam
1136 978 1260 1026 narrata
1279 983 1334 1025 ex-

206 1069 336 1156 cerpsit,
359 1085 563 1156 quapropter,
586 1090 627 1133 ne
652 1066 699 1131 bis
723 1065 839 1133 eodem
865 1067 896 1132 in
926 1088 1023 1153 opere
1057 1066 1248 1154 legerentur,
1280 1066 1333 1132 illa

206 1175 392 1263 suppressit.

277 1281 368 1348 Aliae
390 1299 465 1347 sunt
481 1279 676 1346 omissiones
693 1278 743 1345 vel
763 1279 1005 1365 suppressiones
1022 1277 1060 1344 de
1076 1278 1191 1366 quibus
1207 1278 1331 1344 mentio

206 1386 355 1454 facienda
373 1405 436 1454 est:
453 1387 510 1466 sic,
532 1388 565 1454 in
586 1386 657 1454 cod.
682 1386 875 1453 Massiliensi
895 1385 985 1453 deest
1001 1387 1089 1474 quasi
1108 1387 1232 1472 integre
1252 1386 1330 1453 Pro·

204 1494 305 1583 Iogus
327 1492 539 1573 memorialis,
564 1495 655 1560 cuius
678 1512 801 1580 partem
825 1492 938 1571 solam,
958 1514 1040 1580 quae
1064 1492 1102 1559 de
1121 1494 1281 1560 contentis
1297 1493 1331 1558 in

203 1620 305 1688 opere
320 1617 441 1678 tractat,
454 1598 594 1678 retinuit,
614 1597 777 1665 videlicet:
802 1625 818 1660 e
835 1597 991 1665 Continet
1006 1598 1219 1685 inprimis...
1240 1639 1259 1648 -
1273 1621 1331 1685 op·

203 1708 385 1794 portunitas
397 1705 491 1773 offert
503 1731 519 1768 u
533 1704 623 1793 (pag.
641 1707 719 1773 168:
734 1705 850 1795 9-20).
887 1706 924 1771 In
940 1704 999 1772 hac
1009 1706 1184 1772 omissione
1196 1726 1330 1773 concors

204 1812 267 1882 fuit
289 1812 418 1881 sibimet
441 1831 553 1879 auctor
575 1812 658 1879 illius
682 1810 843 1880 secundae
867 1811 1029 1890 editionis,
1052 1813 1106 1899 qui
1137 1814 1171 1879 in
1195 1811 1329 1878 decursu

203 1920 312 2009 operis
335 1919 400 1987 fere
424 1942 461 1986 ea
485 1919 595 1985 omnia
618 1941 699 2007 quae
723 1918 761 1985 ad
787 1919 952 1986 historiam
969 1918 1078 1986 Sancti
1093 1940 1162 1985 non
1185 1917 1330 1985 confere-

203 2026 295 2104 bant,
318 2026 369 2093 vel
394 2025 483 2114 lapsu
515 2029 670 2112 temporis
694 2046 808 2112 parum
837 2024 1049 2113 intelligibilia
1081 2040 1259 2103 evaserant,
1284 2023 1329 2087 vi·

203 2133 299 2201 detur
329 2133 496 2213 omisisse;
520 2133 669 2218 praeterit
700 2133 788 2197 enim
813 2131 1085 2198 considerationes
1117 2130 1254 2196 morales
1278 2129 1329 2196 vel

203 2260 395 2327 paraeneses
419 2237 534 2327 quibus
557 2259 652 2325 saepe
676 2236 911 2304 concluduntur
934 2236 1130 2326 paragrapha
1160 2239 1194 2303 in
1218 2235 1330 2304 codice

202 2347 377 2414 Assisiensi
395 2365 427 2412 et
445 2367 527 2433 quae
540 2344 802 2412 demonstrantur
818 2367 836 2410 a
851 2343 1034 2431 fragmento
1055 2344 1228 2432 Puppiensi
1245 2342 1328 2433 (vid.

203 2451 303 2542 infra)
328 2472 451 2541 partem
471 2475 541 2519 esse
564 2453 685 2540 primae
714 2450 918 2519 redactionis.
981 2453 1075 2520 Dixi:
1100 2472 1211 2518 auctor
1236 2452 1329 2519 huius

202 2558 365 2627 secundae
384 2558 595 2639 reductionis3
614 2580 690 2624 nam
711 2559 769 2625 etsi
785 2557 854 2625 illas
871 2559 1085 2625 correctiones
1101 2557 1162 2646 ipsi
1176 2556 1328 2623 Thomae

203 2690 223 2733 a
248 2665 373 2734 Celano
396 2664 533 2732 tribuere
556 2665 652 2732 vellet
675 2665 711 2732 P.
732 2666 805 2732 Van
831 2663 967 2751 Ortroy,
991 2666 1103 2732 saltem
1122 2686 1221 2731 unam
1238 2680 1329 2730 notat

201 2794 303 2861 quam
327 2794 345 2837 a
375 2772 544 2859 posteriori
567 2769 670 2838 scriba
697 2770 813 2837 factam
837 2790 971 2859 reputat,
995 2790 1027 2837 et
1051 2790 1099 2838 est
1122 2771 1257 2838 omissio
1279 2792 1328 2836 te-

202 2878 388 2967 sponsi0nis
406 2879 506 2945 sancti
527 2878 685 2944 Francisci
705 2877 745 2943 de
761 2899 817 2944 esu
835 2880 978 2944 carnium
994 2877 1026 2944 in
1044 2875 1126 2944 festo
1142 2877 1327 2945 Natiuitatis

202 2984 386 3054 Domini.(¹)
433 2984 592 3051 Potuisset
607 2985 722 3071 paritet
741 2986 947 3052 amanuensis
963 2983 1120 3064 oculatus,
1136 2983 1324 3051 brevitatem

202 3092 376 3180 requirens,
401 3091 650 3178 praetermittere
685 3088 836 3156 miracula
866 3113 948 3177 quae
972 3108 1082 3156 auctor
1110 3092 1141 3156 in
1174 3089 1326 3156 Tractatu

202 3197 332 3285 speciali
347 3192 464 3265 iterum
482 3214 672 3277 narraverat,
685 3195 771 3263 unde
787 3196 938 3283 particula
955 3197 1051 3263 incisa
1065 3196 1151 3288 (cap.
1170 3196 1326 3275 CXXIV,

203 3327 234 3393 p.
258 3325 336 3392 294:
354 3325 391 3391 15
414 3304 447 3370 in
467 3302 561 3393 nota)
582 3330 598 3367 «
611 3304 699 3371 Situt
715 3303 846 3371 inferius
862 3304 894 3370 in
910 3303 1070 3370 miraculis
1087 3303 1291 3370 annotabitur
1304 3330 1320 3366 r>

203 3433 269 3479 non
292 3412 471 3478 necessario
492 3409 643 3477 Thomae
667 3409 867 3477 attribuenda
892 3411 970 3476 mibi
995 3411 1131 3478 videtur.

273 3677 316 3749 (r)
337 3677 414 3730 Haec
433 3676 544 3730 omissio
564 3677 636 3730 facta
655 3675 713 3741 fult,
730 3679 767 3731 ait
786 3679 816 3732 P.
836 3678 897 3732 Van
918 3679 1031 3749 Ortroy,
1051 3681 1112 3749 quia
1128 3674 1252 3749 'tempore
1272 3698 1326 3750 quo

202 3767 315 3836 scriptus
334 3766 478 3819 estendere
497 3765 675 3820 Massiliensis
701 3783 765 3820 usus
784 3768 818 3820 de
838 3785 894 3820 non
920 3770 1097 3821 comedendis
1125 3768 1180 3821 ullo
1204 3783 1325 3838 tempore

203 3854 327 3908 carnibus
342 3852 530 3923 praevaluerat
544 3856 572 3907 in
590 3854 703 3909 Ordine.
743 3856 958 3910 Constitutiones
975 3857 1166 3910 Narbonenses
1180 3857 1221 3925 (S.
1234 3858 1326 3911 Bosa·

202 3957 357 3998 verarum
371 3941 456 4012 Opera
469 3945 563 4009 omnia,
576 3955 645 3998 torn.
661 3943 733 4009 VIII,
745 3962 768 4014 p.
782 3960 844 4013 453,
859 3948 900 3998 Ad
916 3946 1012 4000 Claras
1025 3949 1125 4017 Aquas,
1146 3948 1225 4017 1898)
1238 3948 1325 4000 editae

202 4047 272 4085 anno
296 4028 372 4093 1260,
391 4030 461 4083 hanc
479 4031 672 4085 abstinentiam
692 4035 918 4103 praescribebant,
943 4052 1012 4105 qnae
1032 4036 1077 4088 diu
1104 4035 1151 4088 fuit
1176 4036 1323 4088 observata.

203 4118 231 4171 In
245 4118 492 4173 constitutionibus
507 4119 640 4175 Gulielmi
657 4122 784 4176 FarInerii
802 4126 845 4192 (13
855 4126 897 4192 54)
912 4124 1076 4177 abstinentia
1091 4126 1123 4177 ab
1137 4142 1184 4178 esu
1202 4126 1324 4177 carnium

204 4224 256 4262 non
274 4207 392 4277 amplius
411 4210 597 4277 praescribitur
610 4211 661 4263 nisi
674 4211 708 4264 de
722 4228 792 4267 sero.
808 4213 884 4266 —In
906 4213 966 4267 cod.
986 4214 1129 4267 AssisIensi
1150 4231 1204 4266 una
1218 4226 1324 4267 tantum

204 4294 310 4366 postilla
331 4295 467 4349 invenitur
485 4309 512 4351 et
524 4299 645 4365 praecise
661 4299 715 4352 hoc
732 4300 797 4353 loco
811 4302 848 4371 (p,
864 4303 1022 4369 91);manu
1038 4302 1182 4370 posteriori
1196 4303 1323 4371 scriptum

204 4382 253 4438 suit
269 4384 298 4436 in
318 4383 441 4454 margIne
461 4385 559 4441 «Nota
579 4388 613 4440 de
633 4388 705 4459 e[su]
726 4389 848 4443 carnium
869 4389 896 4441 in
916 4390 959 4442 die
980 4390 1093 4459 Natal[iI
1114 4390 1169 4444 Dr‘ti
1182 4411 1204 4442 n.
