3142 4875
235 211 306 310 1'98
608 243 780 294 caecuba
808 245 975 294 sscuuon

227 474 300 549 ciet
327 502 395 549 vos
423 477 530 550 Deus
550 475 727 549 intestino
755 476 854 549 bello
883 477 1073 561 subruere,
1106 478 1157 550 ita
1185 493 1225 549 ut
1255 504 1346 550 unus

226 583 262 656 in
292 583 449 656 alterum
471 600 598 658 mutua
621 582 805 656 seditione
833 599 1047 680 consurgat.
1106 584 1270 657 Docebit
1296 584 1344 656 in·

226 688 396 786 dignatio
425 692 557 785 qu[o]s
586 690 756 787 dignatio
785 714 861 761 non
891 690 1075 762 instruxit.
1147 691 1234 763 Non
1263 706 1345 787 post

227 796 364 868 multos
392 798 472 869 dies
500 795 615 868 oritur
634 795 850 869 scandalum
881 795 977 868 inter
1001 822 1076 880 eos,
1100 798 1345 894 corripiuntur

226 927 331 974 arma
360 904 395 975 in
424 903 625 999 proximos
649 901 820 974 saeviunt
848 901 885 974 in
914 902 1049 975 milites
1077 904 1287 1001 populares,
1308 919 1346 976 et
1375 932 1393 997 5

227 1033 338 1080 verso
366 1009 492 1106 gladio
513 1007 655 1081 nobiles
675 1009 711 1080 in
732 1007 917 1105 plebeios;
949 1009 1079 1082 ultimo
1099 1026 1203 1082 tanta
1223 1009 1346 1083 imma·

228 1116 344 1188 nitate
363 1141 407 1188 ac
427 1115 542 1188 caede
563 1131 744 1188 certatum
765 1130 831 1198 est,
856 1116 956 1211 quod
977 1115 1088 1188 etiam
1109 1116 1230 1201 vicini,
1254 1141 1347 1212 quos

228 1222 470 1304 offenderant,
503 1222 763 1294 condolebant.
822 1222 992 1319 Dignum
1013 1221 1123 1295 laude
1153 1222 1344 1296 iudicium!

228 1327 376 1423 Nempe
404 1326 580 1424 quoniam
610 1329 657 1400 ab
686 1352 761 1399 uno
789 1342 827 1400 et
855 1353 1002 1401 summo
1022 1345 1263 1413 recesserant,
1287 1354 1347 1400 ne·

229 1458 335 1505 cesse
363 1434 429 1505 luit
458 1448 498 1506 ut
526 1436 657 1506 necin
687 1434 741 1506 eis
770 1435 892 1506 unitas
920 1451 1142 1507 remaneret.
1201 1435 1349 1508 Fortius
1381 1463 1421 1510 ιο

229 1539 265 1611 in
296 1540 485 1637 republica
504 1539 689 1613 vinculum
711 1565 794 1613 esse
818 1565 890 1612 non
914 1557 1039 1637 potest
1067 1566 1180 1637 quam
1208 1542 1292 1639 pius
1312 1542 1349 1614 in

229 1646 354 1719 Deum
383 1672 498 1728 amor,
530 1648 675 1719 sincera
704 1664 742 1719 et
771 1672 845 1719 non
876 1647 962 1720 ficta
989 1647 1093 1720 fides.

357 2012 432 2106 [De
460 2010 615 2082 mrclzbre
641 2011 705 2081 cui
721 2010 925 2104 praedixit
952 2011 1079 2081 vz‘rum
1106 2036 1218 2081 suum

447 2127 490 2198 de
520 2125 617 2197 malo
632 2127 820 2221 futurum
849 2125 1010 2219 bonum}
1069 2124 1133 2196 IX.

314 2314 373 2405 38.
406 2311 480 2385 lllis
508 2313 640 2384 diebus
669 2338 753 2384 cum
781 2312 830 2385 ad
860 2311 1002 2386 Cellam
1032 2314 1079 2385 de
1109 2313 1276 2385 Cortona
1294 2312 1351 2384 vir
1384 2344 1420 2408 ¹5

231 2418 305 2492 Dei
325 2417 508 2503 transiret,
528 2419 712 2515 quaedam
729 2417 863 2492 nobilis
883 2416 1024 2503 mulier,
1043 2419 1091 2493 de
1110 2436 1233 2492 castro
1249 2419 1350 2515 quod

232 2525 477 2598 Volusianum
506 2525 650 2610 dicitur,
672 2526 743 2599 boc
771 2527 900 2599 audito
924 2526 1073 2599 festinat
1100 2527 1150 2599 ad
1179 2526 1291 2611 illum,
1313 2540 1351 2599 et

231 2635 347 2730 longo
367 2658 473 2705 cursu
496 2632 662 2730 fatigata,
684 2631 824 2730 quippe
843 2634 930 2730 quia
951 2633 1111 2706 delicata
1140 2632 1248 2706 nimis
1271 2648 1351 2705 erat

210 2796 212 2802 .
232 2757 269 2812 et
283 2757 424 2821 tenera,
447 2740 597 2811 tandem
618 2738 790 2834 pervenit
807 2739 856 2812 ad
875 2754 1056 2812 sanctum.
1116 2739 1232 2812 Cuius
1250 2738 1351 2811 lassi-

231 2846 400 2919 tudinem
431 2861 469 2918 et
506 2845 725 2918 interclusos
760 2845 947 2918 anhelitus
981 2845 1123 2928 videus,
1156 2845 1351 2918 miseratus
1380 2878 1424 2924 20

232 2970 339 3050 pater
366 2952 621 3024 sanctissimus
641 2950 734 3024 dixit
761 2952 810 3024 ad
838 2977 941 3024 earn:
965 2952 1066 3046 Quid
1087 2951 1164 3037 tibi,
1186 2950 1347 3035 domina,

232 3059 379 3157 placet?
434 3059 487 3131 At
517 3058 593 3132 illa:
616 3060 735 3141 Pater,
759 3075 799 3130 ut
818 3058 908 3130 mihi
928 3058 1139 3132 benedicas.
1197 3059 1247 3130 Et
1269 3083 1352 3131 san-

231 3183 332 3244 ctus:
350 3167 478 3262 Nupta
491 3192 542 3247 es,
560 3190 607 3237 an
623 3164 797 3262 innupta?
839 3166 1050 3261 Respondit
1068 3165 1210 3237 dicens:
1229 3167 1348 3249 Pater,

233 3273 355 3346 habeo
374 3272 494 3345 virum
513 3271 623 3344 valde
643 3272 843 3356 crudelem,
865 3297 978 3368 quem
1004 3271 1258 3344 adversarium
1285 3296 1353 3367 pa-

232 3380 305 3453 tior
333 3378 369 3452 in
398 3379 550 3452 servitio
579 3378 661 3451 lesu
684 3378 833 3463 Christi,
854 3393 893 3450 et
913 3378 982 3451 iste
1006 3378 1094 3449 mihi
1119 3376 1226 3450 dolor
1245 3402 1353 3474 prae·
1379 3405 1419 3471 25

233 3485 373 3583 cipuus‚
392 3486 493 3581 quod
514 3487 651 3557 bonam
669 3484 911 3567 voluntatem,
934 3510 1047 3581 quam
1063 3482 1151 3556 mihi
1167 3483 1353 3557 Dominus

233 3592 435 3690 inspiravit,
468 3591 600 3664 marito
628 3591 908 3688 praepediente,
931 3617 1006 3664 non
1026 3616 1226 3687 exsequor:
1254 3591 1353 3663 unde

233 3724 384 3796 quaero,
416 3716 555 3781 sancte,
581 3723 647 3769 ora
673 3722 740 3793 pro
770 3696 863 3793 ipso,
886 3714 926 3769 ut
945 3696 1071 3770 divina
1099 3697 1354 3770 misericordia

233 3806 401 3879 humiliet
430 3830 495 3878 cor
518 3803 622 3876 illius.
680 3803 839 3877 Miratur
858 3820 965 3902 pater
983 3803 1126 3876 virilem
1147 3804 1182 3876 in
1203 3803 1351 3888 femina,

231 3914 387 3986 senilem
416 3911 580 3984 animum
601 3909 637 3982 in
657 3909 792 4008 puella,
815 3926 852 3983 et
871 3910 1012 4007 pietate
1031 3913 1262 4007 per[mo]tus
1281 3910 1351 3982 ait:
1384 3943 1424 4010 30
1540 3932 1541 3963 ³

234 4019 354 4104 Vade,
385 4018 460 4090 filia
481 4017 692 4102 benedicta,
714 4033 752 4089 et
772 4017 869 4090 scias
887 4018 936 4090 de
955 4018 1035 4090 viro
1055 4033 1121 4090 tuo
1136 4015 1355 4090 consolatio-

306 4228 329 4280 3.
350 4212 429 4282 quos]
450 4213 474 4265 Α
495 4210 609 4280 quivos
682 4210 762 4262 8-12.
783 4210 813 4262 M
829 4227 879 4263 om.
898 4207 1121 4278 Dignum-tides
1195 4222 1236 4261 20.
1256 4207 1353 4261 Mum.

234 4290 330 4343 videns
405 4306 445 4361 30·
464 4293 489 4345 Α
509 4300 657 4360 pertractus
