3142 4875
651 333 824 383 LEGENDA
851 332 964 381 Perua

289 730 349 801 De
357 730 636 825 praedicatione
653 755 744 801 ouon
793 729 843 799 lii
858 737 892 801 et
909 727 1197 799 annuntiatione
1207 728 1328 822 pacis,

356 855 390 918 et
403 847 700 940 <tonstrinarum
718 755 906 917 nieorum
924 844 1161 915 conversione.
1225 842 1273 914 X.

335 1080 353 1127 2
362 1080 394 1148 3.
413 1055 560 1129 Exinde
576 1081 660 1128 cum
682 1080 822 1153 magno
841 1056 986 1128 fervore
1006 1053 1157 1151 spiritus
1176 1070 1215 1128 et
1233 1054 1374 1152 gaudio

253 1161 387 1236 mentis
403 1163 527 1260 coepit
541 1163 714 1236 omnibus
729 1161 996 1259 poenitentiam
1012 1161 1239 1258 praedicare,
1257 1164 1375 1235 verbo

251 1268 408 1364 simplici
424 1271 490 1342 sed
502 1270 614 1343 corde
630 1271 831 1368 magnifico
846 1268 1048 1343 aedificans
1063 1269 1269 1341 audientes.
1283 1268 1376 1341 Erat
1404 1292 1420 1357 5

252 1378 408 1448 verbum
428 1376 508 1448 eius
529 1376 629 1449 velut
644 1375 743 1474 ignis
762 1377 909 1460 ardens
931 1394 1132 1472 penetrans
1149 1376 1278 1448 intima
1297 1401 1376 1447 cor·

252 1484 320 1564 dis,
343 1500 380 1555 et
400 1483 565 1557 omnium
586 1499 731 1556 mentes
750 1483 996 1556 admiratione
1016 1483 1195 1578 replebat.
1252 1481 1375 1554 Totus

251 1588 346 1662 alter
363 1589 561 1663 videbatur
579 1615 691 1686 quam
717 1590 848 1674 luerat,
870 1606 908 1661 et
927 1588 1071 1662 caelum
1101 1590 1250 1661 intuens
1272 1588 1376 1662 dedi-

253 1696 440 1793 gnabatur
468 1697 655 1794 respicere
682 1714 830 1769 terram.
853 1696 902 1768 Et
923 1696 1055 1767 mirum
1085 1712 1195 1779 certe,
1218 1696 1305 1792 quia
1325 1694 1374 1767 ibi

253 1803 378 1899 coepit
407 1796 607 1910 [primitus]
642 1804 869 1900 praedicare,
902 1804 975 1885 ubi,
1007 1828 1091 1875 cum
1120 1803 1242 1875 adhuc
1275 1818 1376 1875 esset
1407 1826 1444 1870 ιο

253 1910 464 1992 infantulus,
482 1911 664 1983 didicerat
677 1911 815 2008 legere,
834 1910 870 1982 in
886 1935 962 2007 quo
977 1908 1089 1983 etiam
1104 1908 1187 1981 loco
1207 1909 1376 2005 sepultus

253 2033 311 2089 est
330 2016 533 2090 honorifice
562 2018 733 2114 primum,
764 2035 804 2089 ut
833 2017 919 2090 lelix
948 2016 1092 2102 initium
1117 2015 1258 2090 [elicior
1285 2042 1376 2088 con-

253 2125 453 2197 summatio
473 2125 764 2198 commendaret.
801 2123 874 2196 Ubi
903 2123 1032 2196 didicit
1051 2122 1101 2195 ibi
1120 2139 1158 2195 et
1177 2124 1315 2208 docuit,
1337 2140 1375 2196 et

254 2229 315 2302 ubi
345 2231 468 2328 coepit
488 2230 536 2304 ibi
557 2230 713 2305 feliciter
738 2230 1021 2304 consummavit.
1087 2229 1126 2302 ln
1148 2231 1250 2303 omni
1269 2255 1375 2327 prae·

253 2336 441 2410 dicatione
459 2363 537 2422 sua,
563 2338 780 2436 priusquam
809 2337 1119 2410 convenientibus
1146 2356 1376 2434 proponeret
1406 2358 1439 2422 15

253 2444 408 2517 verbum
437 2445 521 2530 Dei,
553 2471 685 2542 pacem
714 2447 990 2543 imprecabatur
1013 2445 1158 2518 dicens:
1188 2444 1375 2517 Dominus

254 2552 318 2624 det
336 2550 443 2625 vobis
470 2577 613 2648 pacem.
646 2553 755 2625 Hanc
783 2553 872 2625 viris
890 2568 929 2626 et
948 2550 1172 2631 mulieribus,
1196 2552 1292 2625 hanc
1313 2553 1376 2625 ob-

253 2658 322 2731 viis
337 2675 375 2732 et
389 2659 625 2734 obviantibus
639 2685 789 2757 semper
803 2658 1043 2732 devotissime
1059 2658 1263 2732 nuntiabat.
1286 2660 1376 2732 Pro-

254 2783 384 2862 pterea
404 2765 519 2848 multi‚
551 2765 612 2863 qui
641 2792 774 2864 pacem
795 2767 953 2839 oderant
972 2766 1110 2862 pariter
1137 2782 1176 2839 et
1190 2766 1373 2847 salutem,

253 2872 420 2946 Domino
435 2891 672 2969 cooperante,
686 2898 818 2971 pacem
834 2873 1036 2969 amplexati
1053 2890 1139 2945 sunt
1153 2888 1232 2945 toto
1248 2871 1372 2956 corde,
1402 2901 1441 2948 20

254 2977 339 3051 lacti
360 2996 398 3052 et
418 2979 487 3075 ipsi
507 2979 569 3052 filii
589 2981 692 3077 pacis
711 2996 749 3053 et
767 2979 904 3053 aemuli
924 2978 1052 3052 salutis
1072 2996 1259 3053 aeternae.

338 3110 397 3176 24.
415 3087 516 3159 Inter
530 3113 626 3183 quos
640 3087 793 3184 quidam
813 3088 860 3159 de
879 3084 1035 3170 Assisio,
1054 3087 1155 3182 pium
1176 3111 1219 3158 ac
1235 3085 1376 3182 simpli-

255 3217 336 3265 cem
360 3192 529 3289 spiritum
550 3220 695 3291 gerens,
714 3193 834 3266 virum
854 3192 927 3266 Dei
947 3194 1083 3267 devote
1103 3193 1224 3289 primo
1243 3218 1376 3288 sequu-

254 3315 315 3371 tus
330 3315 397 3372 est.
437 3300 526 3373 Post
541 3300 639 3373 hunc
654 3302 768 3374 frater
782 3301 1005 3383 Bernardus,
1023 3300 1126 3397 pacis
1146 3299 1375 3397 legationem

255 3406 496 3504 amplectens,
509 3409 558 3480 ad
568 3409 978 3505 mercandumregnum
995 3405 1182 3479 caelorum
1192 3423 1280 3502 post
1294 3432 1375 3480 san·
1402 3434 1436 3500 25

256 3528 355 3585 ctum
375 3514 449 3586 Dei
466 3514 625 3587 cucurrit
644 3514 825 3587 alacriter.
884 3513 955 3586 Hic
970 3512 1069 3585 enim
1085 3515 1301 3610 frequenter
1319 3539 1375 3585 su·

255 3638 427 3718 sceperat
440 3620 591 3694 beatum
607 3637 752 3719 patrem
767 3619 941 3718 hospitio,
955 3620 1059 3693 cuius
1073 3620 1186 3693 vitam
1201 3635 1240 3694 et
1253 3644 1375 3693 mores

326 3847 349 3886 2.
371 3832 391 3886 R
411 3830 532 3900 priorum
587 3831 830 3885 Pconversatione
903 3831 965 3900 6-7.
983 3830 1030 3884 As
1044 3831 1167 3883 cordium
1240 3846 1264 3900 7.
1285 3830 1306 3884 t
1326 3831 1376 3883 im-

254 3910 338 3981 pleret
394 3912 428 3965 05
446 3911 561 3981 repleret
660 3927 686 3983 9.
706 3912 753 3965 AS
770 3910 803 3963 Bt
823 3913 882 3963 nrir.
902 3924 942 3964 est
961 3910 1033 3963 dictu
1054 3923 1126 3964 certe
1225 3926 1264 3965 10.
1283 3913 1306 3965 B
1324 3913 1376 3982 pri·

255 3992 358 4053 miciis;
378 3992 408 4044 H
424 4009 472 4045 om.
529 3990 612 4059 esset]
633 3991 663 4044 M
681 3993 785 4043 viveret
861 4006 899 4045 11.
920 3991 1023 4059 legere]
1044 3990 1173 4060 Plegem
1229 3992 1375 4062 E,uno

255 4082 282 4124 et
300 4070 363 4124 loco
443 4085 535 4123 11-12.
555 4070 603 4124 As
619 4069 735 4125 honorif.
756 4088 811 4140 sep.
831 4083 879 4124 est.
901 4071 1023 4123 Primum
1044 4084 1072 4123 ut
1091 4069 1154 4124 felix
1173 4070 1231 4124 init.
1251 4087 1374 4125 consum.

258 4151 428 4205 12.Rom.ut
505 4152 841 4222 15.Ospriuscumconv.
918 4151 1154 4221 17.0.rdetnobis
1231 4151 1377 4220 17-18.A5

255 4250 303 4285 om.
324 4232 412 4285 obviis
499 4232 643 4303 18-19.H
660 4233 802 4285 Praeterea
888 4247 930 4285 21.
951 4232 1035 4301 pacis]
1057 4233 1079 4285 Ε
1097 4231 1179 4302 patris
1234 4231 1376 4287 Homer

256 4328 325 4363 aem.
345 4311 393 4364 sal.
418 4324 541 4364 aeternae
622 4327 663 4365 22.
684 4312 771 4382 pium]
797 4311 854 4377 AS,
875 4311 997 4381 Ppuer;
1023 4310 1195 4381 Lpuerilem
1279 4327 1321 4375 24.
1348 4312 1381 4365 Μ

256 4389 396 4442 Renardus
449 4390 496 4443 As
513 4390 630 4461 legatam
649 4408 745 4460 pacem
820 4407 861 4459 25.
878 4391 1068 4459 mercandum]
1092 4392 1133 4445 Ox
1152 4391 1314 4443 imitandum
