3142 4875
603 351 882 402 PROLEGOMENA
1234 355 1306 403 XLV

179 454 554 462 ——-——-—--.——.--.
824 455 1106 461 ..—-—.--...--,.-.
1120 457 1163 462 ,Ὗ
1192 458 1301 464 ——-.-..

242 575 323 642 Non
346 597 463 641 ornnes
488 575 579 641 enim
602 573 797 661 quaerebant
815 574 850 640 in
868 573 1014 661 legendis
1038 596 1227 664 argumenta
1252 577 1305 642 ad·

178 678 742 761 versusCommunitatemOrdinis,
754 682 799 747 uti
811 677 1184 766 feceruntSpiritualium
1196 683 1305 764 duces,

179 783 210 852 et
232 809 337 875 quum
360 808 444 874 opus
463 786 566 853 sancti
585 786 828 852 bonaventurae
849 787 1024 853 multorum
1043 789 1114 874 piae
1137 786 1305 856 devotioni

179 892 399 981 responderet,
423 893 589 960 decretum
614 892 755 980 Capituli
785 892 954 981 generalis,
978 892 1065 981 quod
1089 893 1183 960 nobis
1207 894 1304 963 hodie

177 1002 268 1088 quasi
292 999 479 1067 incredibile
502 998 638 1079 videtur,
658 1017 742 1065 certe
765 999 804 1065 ab
829 1001 875 1066 eis
898 1000 952 1088 qui
975 999 1054 1067 illud
1073 1000 1213 1068 tulerunt
1236 1023 1303 1069 non

178 1106 219 1171 ita
245 1105 476 1174 aestimabatur
500 1105 665 1172 abnorme.
712 1104 856 1173 Iudicate
876 1107 963 1172 enim
983 1104 1138 1174 debemus
1163 1105 1202 1174 de
1227 1107 1303 1174 actis

179 1230 406 1280 antenatorum
431 1214 521 1280 iuxta
546 1232 690 1279 mentem
713 1215 875 1300 ipsorum;
895 1212 1004 1301 lugete
1027 1236 1199 1300 possumus
1222 1236 1304 1302 quae

177 1316 335 1401 lecerunt,
351 1320 409 1388 sed
431 1341 527 1409 saepe
547 1322 671 1407 saepius
690 1320 885 1387 intentiones
904 1343 1017 1388 eorum
1037 1340 1114 1388 nota
1138 1344 1304 1389 censurare

179 1425 218 1493 ad
236 1447 300 1492 nos
316 1448 383 1493 non
400 1427 546 1514 pertinet.
593 1428 656 1492 Pro
681 1425 768 1493 bono
791 1428 887 1515 pacis,
903 1428 994 1494 aiunt
1008 1429 1188 1515 scriptores,
1202 1426 1304 1494 latum

177 1529 239 1599 fuit
263 1531 340 1598 illud
364 1530 540 1600 decretum.
587 1534 681 1616 Quot
705 1551 735 1600 et
753 1549 889 1620 quantas
905 1534 1012 1600 ruinas
1032 1552 1303 1601 coacervaverunt

178 1640 346 1727 proposita
370 1640 478 1707 minus
502 1638 595 1706 laude
619 1639 733 1728 digna!
781 1640 958 1728 Scriptores
981 1658 1193 1729 protestantes
1216 1664 1304 1729 prae·

178 1748 294 1814 settim
318 1746 470 1813 adversus
494 1746 557 1813 hoc
574 1748 738 1814 decretum
762 1747 860 1815 hodie
883 1748 1063 1836 insurgunt,
1089 1767 1120 1815 et
1138 1747 1304 1835 Vandalos

180 1853 389 1921 conclamant
398 1855 466 1921 eius
476 1854 673 1922 conditores:
687 1855 795 1921 minor
803 1873 911 1921 tamen
921 1855 981 1922 luit
989 1854 1182 1943 probabilius
1191 1877 1303 1921 nume·

180 1983 235 2028 rus
255 1959 418 2042 codicum,
433 1964 550 2029 virtute
563 1961 658 2029 huius
676 1960 886 2028 ordinationis
902 1960 1148 2042 destructorum,
1166 1982 1303 2028 numero

181 2067 449 2134 bibliothecarum
464 2090 542 2156 quas
556 2067 693 2134 vastavit
708 2090 800 2135 caeca
814 2068 913 2134 rabies
928 2069 1069 2157 ipsorum
1083 2087 1116 2135 et
1128 2067 1302 2135 maiorum!

250 2172 353 2258 Quod
370 2175 409 2241 ad
426 2172 578 2262 legendas
595 2174 747 2242 Thomae
763 2177 876 2242 attinet
894 2175 1035 2242 ostendit
1051 2175 1215 2242 decretum
1235 2196 1303 2241 non

180 2278 277 2348 fuisse
307 2298 374 2348 tam
404 2282 549 2369 rigorose
580 2280 785 2359 observatum
818 2300 853 2348 ut
884 2280 1073 2349 delerentur.
1132 2281 1303 2369 legendae

180 2388 302 2476 primae
322 2409 388 2455 non
409 2385 525 2454 desunt
541 2387 744 2476 exemplaria,
764 2388 924 2456 secundae
943 2389 1073 2478 quidem
1090 2389 1206 2456 rariora
1222 2385 1304 2455 facta

181 2514 267 2574 sunt,
292 2511 324 2560 at
347 2493 425 2560 illud
457 2493 585 2561 decreto
613 2496 753 2584 Capituli
777 2518 844 2563 non
868 2515 916 2562 est
940 2498 1032 2563 unice
1056 2494 1303 2563 tribuendumb)

180 2673 222 2709 res
241 2670 266 2709 et
286 2654 436 2726 descripsit,
450 2669 479 2708 ut
493 2655 626 2725 profectus
640 2655 789 2727 legentium
805 2657 948 2728 spiritualis
961 2671 1175 2728 promoveretur,
1193 2656 1303 2709 devotio

181 2761 241 2815 erga
261 2744 393 2798 Sanctum
410 2759 437 2798 et
452 2747 590 2799 veneratio
610 2745 747 2809 excitetur,
761 2763 793 2798 ac
806 2747 904 2799 summi
918 2747 999 2816 Regis
1013 2746 1135 2799 caelestis
1152 2746 1238 2815 gloria
1257 2761 1304 2797 au·

182 2847 275 2905 geatttr
322 2833 499 2906 Quapropter
511 2835 538 2887 in
552 2835 602 2887 hac
614 2836 669 2888 vita
682 2836 825 2889 scribenda
841 2837 928 2907 magis
940 2837 1054 2890 intendit
1067 2837 1227 2889 adumbrare
1242 2851 1304 2887 san·

182 2924 293 2978 ctissimi
300 2923 348 2976 viri
354 2923 738 2988 nitamintetnaminChristo
745 2925 930 2979 absconditam
941 2924 1303 2997 verequesupernaturalem,

182 3030 262 3083 quam
281 3013 420 3067 exterioris
439 3013 509 3066 vitae
528 3015 672 3067 decursum
692 3014 842 3068 secundum
856 3027 987 3085 tempora,
1007 3015 1068 3070 loca
1087 3015 1193 3086 aliaque
1211 3017 1302 3083 singu·

180 3102 253 3155 latim
265 3101 365 3155 resetrc
377 3123 399 3156 a.
437 3103 523 3174 Opera
533 3104 627 3168 omnia,
637 3116 656 3156 t.
667 3103 741 3166 VIll,
752 3121 777 3174 p.
791 3118 951 3159 Lxxxx·1.-
963 3104 1075 3157 Brevius
1085 3103 1188 3155 dicam:
1199 3103 1303 3173 antiqui

179 3202 304 3245 sanctum
325 3191 515 3261 depingebant,
534 3205 657 3245 recentes
676 3192 820 3246 hominem
839 3206 978 3263 quaerunt.
1016 3192 1080 3246 illos
1100 3193 1126 3244 in
1146 3192 1199 3244 hoc
1214 3191 1303 3245 studio

181 3279 288 3351 culpare
301 3296 358 3333 non
378 3279 477 3346 audeo,
496 3281 584 3352 magis
598 3282 671 3334 enim
688 3297 732 3334 me
750 3294 861 3334 movent
879 3283 1001 3353 exempla
1020 3282 1104 3334 sancti
1125 3298 1205 3351 quem
1222 3280 1302 3333 video

179 3368 320 3422 hominem
340 3368 459 3422 similem
478 3369 566 3435 nobis,
586 3387 668 3440 quarn
685 3370 855 3423 adumbratio
869 3370 1007 3424 cuiusdam
1022 3369 1091 3422 entis
1104 3386 1186 3438 quem
1200 3368 1303 3421 diceres

179 3455 291 3510 humani
311 3456 379 3509 nihil
398 3456 532 3512 habuisse.

249 3544 294 3612 (1)
318 3544 427 3598 Novem
454 3547 562 3599 codices
586 3546 696 3599 adhibui
722 3545 755 3599 ad
784 3559 952 3617 praesentem
983 3546 1130 3599 editionem
1159 3545 1303 3615 legendae

180 3633 292 3704 primae,
311 3646 337 3686 et
356 3646 411 3687 tres
431 3634 513 3688 hodie
532 3634 692 3704 deperditos,
710 3648 782 3689 certe
798 3652 853 3687 non
867 3636 963 3688 virtute
984 3636 1081 3687 decreti
1098 3634 1219 3704 praefati,
1238 3633 1303 3685 indi·

182 3721 248 3774 cavi.
287 3720 516 3776 Bartholomaeus
530 3723 642 3776 Pisanus
656 3739 719 3792 prae
730 3723 853 3776 manibus
867 3723 960 3777 habuit
973 3723 1129 3792 Legendam
1145 3722 1302 3786 secundam,

182 3809 295 3863 Iacobus
314 3826 330 3862 a
350 3808 490 3881 Voragine
505 3811 615 3881 primam
628 3810 725 3865 saltem
740 3824 766 3865 et
780 3811 940 3865 Tractatum
958 3812 1153 3865 miraculorum
1168 3810 1303 3877 (Attalccta

181 3897 359 3962 Bollaudiono,
371 3910 390 3951 t.
404 3897 505 3962 XVlIl,
518 3916 542 3970 p.
558 3902 620 3967 ¹74)
633 3899 702 3952 sicut
715 3913 741 3952 et
753 3899 917 3969 compilator
930 3900 1130 3955 Chronicarum
1145 3898 1235 3951 XXIV
1248 3898 1302 3952 Ge-

181 3986 324 4053 neraliurn,
337 3988 383 4057 qui
397 3985 548 4040 litterarum
564 3988 683 4041 auctoris
699 3990 765 4040 citat
777 3989 864 4058 prima
883 3990 973 4053 verba,
988 4001 1013 4042 et
1027 4004 1058 4040 ex
1072 3987 1119 4041 illo
1135 3987 1303 4057 deprompsit

181 4075 312 4128 miracula
331 4074 458 4145 plutima.
473 4104 508 4114 -
526 4074 643 4129 Aliunde
660 4092 708 4147 pro
724 4075 783 4129 aliis
800 4075 922 4145 legendis
936 4078 1031 4131 eadem
1047 4076 1175 4129 codicum
1190 4076 1301 4145 penuria

181 4173 298 4228 notatur,
309 4162 376 4233 quin
392 4162 585 4216 recurrendum
598 4163 631 4216 sit
643 4163 677 4216 ad
691 4162 777 4216 ullum
792 4164 932 4217 decretum
946 4163 1166 4234 proscriptionis;
1182 4164 1219 4215 sic
1237 4181 1261 4215 v.
1276 4180 1302 4232 g.

179 4249 283 4319 primae
300 4250 433 4321 legendae
447 4252 533 4304 sancti
548 4251 663 4306 Antonii
677 4263 792 4323 quatuor
805 4262 912 4305 tanturn
928 4253 1035 4307 codices
1050 4263 1195 4322 supersunt
1215 4264 1240 4303 et
1254 4250 1302 4303 Le·

179 4340 268 4409 genda
290 4338 498 4409 «Benignitasn
517 4341 640 4393 nondum
659 4339 708 4393 suit
728 4340 845 4393 inventa.
893 4340 937 4395 Cf.
957 4340 1093 4393 collection
1111 4339 1215 4392 d'itudes
1233 4347 1256 4391 et
1275 4339 1303 4391 da

178 4425 320 4482 decantanta
334 4445 378 4482 tur
391 4426 510 4483 l'bitloirt
523 4430 649 4500 religieusc
663 4436 686 4483 et
701 4429 823 4484 litteraire
836 4429 868 4483 du
882 4448 967 4500 moyen
981 4431 1033 4498 rige,
1045 4439 1063 4481 t.
1078 4427 1112 4491 V,
1125 4427 1209 4492 Paris,
1226 4441 1303 4495 1904.
