3142 4875
607 373 712 422 unum
741 372 926 420 ruauctscr
1252 351 1323 438 265

208 618 357 676 caetero
387 602 564 676 confiteri.
622 602 671 674 Et
707 603 780 675 noli
811 601 953 685 timere,
984 601 1072 698 quia
1099 602 1201 698 quod
1230 602 1327 676 circa

207 727 244 783 te
274 709 323 792 Iit,
356 735 424 782 nee
453 725 491 782 tu
522 708 621 794 sacis,
651 710 699 782 ad
729 733 906 782 coronam
935 709 1001 781 tibi
1029 709 1224 806 proveniet
1253 733 1327 782 non

208 817 255 890 ad
284 817 442 912 culpam.
502 816 661 910 Quoties
679 832 806 889 autem
827 815 939 888 fueris
967 815 1162 888 tribulatus
1182 832 1326 911 septem

206 926 326 996 Pater
351 934 474 996 noster
499 924 547 995 de
577 948 660 996 mea
688 921 838 995 licentia
866 922 978 995 dicas.
1036 922 1194 995 Miratus
1227 921 1326 995 unde

159 1062 174 1125 5
206 1030 277 1103 hoc
298 1046 449 1103 sanctus
470 1028 643 1113 novisset,
666 1028 902 1126 plurimoque
921 1027 1148 1103 exhilaratus
1172 1028 1322 1126 gaudi0,

206 1153 290 1232 post
310 1136 499 1209 modicum
520 1162 670 1209 omnem
691 1136 965 1209 tribulationem
985 1135 1114 1209 evasit.

417 1516 485 1589 De
513 1542 627 1589 vera
656 1515 847 1590 laetitia
876 1516 1101 1612 spiritus

262 1700 334 1798 [De
360 1701 565 1795 spirituali
590 1703 736 1774 laetitio
764 1713 799 1774 et
826 1703 911 1774 laus
937 1704 1027 1785 eius,
1057 1714 1091 1775 el
1114 1704 1157 1775 de
1176 1704 1273 1776 malo

514 1818 702 1915 accidiae}
763 1817 1011 1890 LXXXVIII.

135 2052 174 2095 ro
290 2041 372 2112 125.
404 2020 651 2094 Tutissimum
680 2022 887 2094 remedium
917 2040 1048 2095 contra
1069 2022 1168 2095 mille
1188 2023 1325 2096 inimici

208 2127 377 2222 [insidias
387 2127 464 2222 vel]
482 2128 639 2201 astutias
653 2126 830 2200 laetitiam
847 2128 1076 2225 spiritualem
1091 2144 1242 2201 sanctus
1256 2128 1326 2203 iste

204 2235 384 2306 firmabat.
444 2233 606 2307 Dicebat
630 2235 745 2306 enim:
773 2234 882 2307 Tunc
906 2235 1140 2331 potissimum
1164 2237 1325 2311 exsultat

202 2340 383 2424 diabolus,
403 2366 487 2413 cum
506 2340 686 2440 gaudium
707 2340 857 2439 spiritus
877 2367 986 2415 servo
1005 2341 1079 2414 Dei
1098 2358 1223 2441 potest
1241 2343 1325 2415 sub·

203 2448 334 2544 ripere.
393 2450 587 2521 Pulverem
617 2464 750 2546 portat,
773 2475 886 2545 quem
910 2450 1182 2547 quantumlibet
1200 2451 1324 2548 parvis

135 2584 171 2649 15
202 2554 364 2627 aditibus
393 2556 644 2629 conscientiae
671 2556 790 2652 possit
818 2556 977 2641 iniicere,
1011 2558 1220 2653 mentisque
1240 2582 1324 2630 can-

202 2663 331 2735 dorem
362 2677 399 2734 et
428 2661 525 2735 vitae
554 2662 773 2735 munditiam
802 2663 1004 2736 sordidare.
1067 2664 1143 2737 Sed
1171 2664 1319 2750 laetitia,

202 2766 329 2865 inquit,
362 2768 541 2867 spirituali
579 2770 692 2842 corda
720 2768 899 2866 replente,
931 2770 967 2843 in
997 2796 1133 2843 vanum
1170 2771 1325 2844 effundit

202 2901 357 2972 serpens
376 2874 487 2948 letale
505 2901 702 2948 venenum.
761 2878 847 2949 Non
867 2893 1025 2973 possunt
1050 2879 1253 2951 daemones
1272 2878 1324 2951 of·

202 2981 354 3054 fendere
384 2982 522 3054 Christi
560 2983 748 3064 famulum,
784 2984 847 3056 ubi
885 3009 971 3055 eum
1000 2982 1159 3056 viderint
1195 3002 1324 3058 sancta

131 3114 174 3161 20
202 3089 432 3162 iucunditate
460 3088 654 3185 repletum.
714 3090 877 3183 Quando
898 3115 987 3164 vero
1012 3088 1144 3163 flebilis
1173 3108 1230 3164 est
1248 3093 1323 3164 ani·

202 3221 294 3280 mus,
325 3194 516 3268 desolatus
535 3212 573 3268 et
593 3220 775 3277 moerens,
809 3194 914 3271 facile
934 3197 993 3269 vel
1021 3198 1243 3271 absorbetur
1262 3197 1321 3270 tri-

201 3303 309 3384 stitia,
341 3304 400 3375 vel
429 3302 477 3374 ad
506 3303 644 3400 gaudia
672 3327 770 3376 vana
798 3304 1067 3376 transmittitur.
1140 3305 1323 3378 Studebat

201 3409 358 3504 proinde
395 3427 546 3481 sanctus
584 3409 620 3481 in
649 3407 763 3483 iubilo
792 3409 915 3482 cordis
952 3436 1101 3507 semper
1128 3410 1319 3496 exsistere,

201 3541 350 3589 servare
371 3516 584 3588 unctionem
605 3515 755 3611 spiritus
775 3516 974 3613 oleumque
993 3515 1165 3590 laetitiae.
1223 3517 1321 3589 Mor-

131 3646 150 3693 2
154 3648 171 3712 5
200 3623 288 3694 bum
300 3622 466 3696 accidiae
481 3623 684 3718 pessimum
699 3649 844 3695 summa
855 3650 942 3697 cura
952 3623 1103 3706 vitabat,
1117 3623 1167 3697 ita
1182 3639 1220 3695 ut
1237 3649 1321 3696 cum

200 3731 259 3801 vel
287 3755 418 3825 parum
448 3730 562 3801 menti
593 3727 762 3826 illapsum
782 3731 946 3813 sentiret,
979 3730 1026 3802 ad
1047 3731 1254 3803 orationem
1275 3730 1322 3802 ci·

200 3834 340 3908 tissime
370 3853 545 3909 curreret.
617 3836 779 3909 Dicebat
809 3854 950 3909 autem:
983 3836 1122 3909 Servus
1151 3836 1223 3908 Dei
1254 3862 1321 3932 pro

200 3942 336 4038 aliquo,
368 3959 408 4014 ut
436 3943 583 4025 assolet,
617 3946 859 4016 conturbatus
879 3943 975 4016 illico
996 3969 1151 4040 surgere
1175 3943 1222 4016 ad
1242 3968 1320 4016 ora-

200 4050 340 4121 tionem
370 4051 492 4133 debet,
515 4065 553 4122 et
582 4049 722 4121 tamdiu
753 4075 878 4122 coram
904 4075 1050 4122 summo
1071 4052 1180 4123 Patre
1209 4051 1320 4145 persi-

273 4274 296 4312 2.
313 4261 334 4314 R
353 4261 490 4329 perveniet
566 4276 586 4323 r.
609 4260 636 4311 ‚ll
655 4259 729 4311 dices
785 4259 868 4328 unde]
889 4259 913 4311 A
937 4259 999 4311 inde
1021 4260 1094 4329 quod
1172 4273 1194 4323 5.
1215 4258 1244 4310 M
1263 4258 1320 4329 plu-

199 4341 269 4392 rimo
279 4340 337 4392 extr.
407 4356 431 4409 7.
444 4341 471 4393 ll
482 4358 531 4393 om.
605 4356 644 4391 11.
655 4340 679 4391 A
687 4381 694 4401 ,
708 4340 727 4391 L
739 4358 786 4392 om.
799 4340 908 4392 insidias
919 4339 962 4391 vel
1037 4355 1073 4392 12.
1086 4341 1118 4401 L,
1139 4340 1167 4392 ll
1182 4339 1320 4407 potissime

203 4420 242 4472 18.
263 4418 355 4487 letale]
377 4420 404 4472 ll
422 4420 475 4473 tale
550 4434 645 4472 ,to-21.
666 4421 686 4474 tt
706 4436 815 4472 amarus
