3142 4875
622 326 725 374 BEATI
755 326 940 374 l‘tmxclsct

219 583 324 631 scere
341 557 404 630 vix
418 557 597 631 valerent.
655 559 807 631 Nullum
827 583 895 655 pro
916 559 973 631 his
993 585 1158 632 murmur
1176 576 1339 640 resonat,

220 664 319 737 nulla
357 666 600 762 querimonia,
637 667 704 738 sed
739 666 853 738 corde
889 666 1048 762 placido,
1088 691 1194 739 mens
1227 666 1339 763 plena

220 770 360 870 gaudio
397 788 593 845 conservat
625 772 854 869 patientiam.
925 772 1085 844 Sanctus
1118 774 1340 847 Franciscus

220 878 487 974 quotidianam,
519 880 633 951 immo
662 880 888 962 continuam,
920 879 975 952 sui
996 897 1033 951 et
1052 905 1202 952 suorum
1224 880 1339 976 inqui-

172 1014 190 1078 5
219 984 391 1058 sitionem
421 985 706 1083 diligentissime
725 985 895 1070 iaciebat,
918 1002 955 1058 et
976 986 1023 1058 nil
1045 986 1081 1057 in
1101 987 1156 1058 eis
1176 986 1340 1060 residere

218 1093 366 1189 patiens
394 1090 586 1176 lubricum,
617 1094 665 1167 ab
695 1093 859 1190 ipsorum
890 1092 1064 1165 cordibus
1093 1118 1242 1165 omnem
1278 1119 1339 1166 ne·

219 1198 439 1298 gligeutiam
460 1198 648 1298 abigebat.
709 1200 853 1298 [Rigor
870 1200 1121 1297 disciplinae]
1179 1199 1341 1298 Rigidus

219 1305 256 1377 in
272 1304 467 1402 disciplina
481 1332 595 1403 super
609 1305 816 1379 custodiam
837 1332 942 1378 suam
963 1323 1043 1380 erat
1057 1306 1217 1404 vigilans
1236 1307 1337 1380 omni

219 1413 330 1494 hora;
363 1438 448 1484 nam
477 1414 505 1485 si
535 1438 620 1510 qua,
651 1428 691 1485 ut
723 1412 871 1496 assolet,
904 1413 1025 1485 carnis
1061 1414 1218 1487 tentatio
1251 1440 1336 1486 eum

151 1548 189 1593 10
219 1520 445 1616 quandoque
474 1519 647 1616 pulsaret,
680 1519 716 1591 in
746 1520 908 1617 quadam
938 1521 1046 1593 fovea
1065 1520 1185 1618 glacie
1215 1521 1334 1617 plena,

219 1652 302 1698 cum
333 1625 451 1699 hiems
483 1628 690 1708 exsisteret,
718 1651 759 1699 se
784 1628 990 1724 mergebat,
1023 1627 1059 1698 in
1087 1652 1133 1700 ea
1165 1644 1239 1699 tam
1274 1627 1337 1699 diu

218 1735 432 1829 persistens,
464 1735 712 1831 quoadusque
731 1733 886 1807 carnalis
908 1734 1028 1806 omnis
1049 1734 1241 1806 recederet
1261 1759 1337 1806 cor-

219 1839 373 1936 ruptela.
432 1841 480 1912 Et
499 1840 650 1937 quidem
668 1857 795 1914 tantae
811 1840 1104 1913 mortificationis
1123 1839 1336 1936 exemplum

218 1946 355 2020 caeteri
386 1948 655 2020 ferventissime
684 1948 947 2044 sequebantur.

149 2079 185 2144 15
289 2053 1338 2146 43.Docebateosnonsolummortificarevitiaetcarnis

217 2159 404 2233 incentiva
423 2161 636 2257 reprimere,
667 2187 797 2232 verum
818 2159 930 2233 etiam
950 2177 988 2233 et
1013 2161 1113 2257 ipsos
1132 2159 1338 2232 exteriores

217 2291 359 2351 sensus,
382 2292 450 2364 per
469 2293 564 2364 quos
592 2293 692 2340 mors
712 2267 823 2340 intrat
847 2267 895 2340 ad
914 2268 1088 2340 animam.
1148 2267 1335 2359 Quoniam

218 2399 301 2446 cum
318 2372 379 2447 illo
394 2391 563 2471 tempore
575 2373 689 2448 Oddo
704 2374 914 2471 imperator,
928 2375 976 2447 ad
992 2373 1266 2470 suscipiendam
1278 2399 1337 2446 co·

216 2507 347 2554 ronam
357 2483 494 2554 terreni
511 2482 665 2578 imperii,
679 2507 747 2578 per
760 2497 887 2579 partes
897 2481 976 2555 illas
993 2508 1076 2554 cum
1093 2506 1232 2578 magno
1247 2497 1337 2553 stre-

146 2613 188 2659 20
217 2588 295 2684 pitu
315 2605 354 2661 et
372 2614 511 2685 pompa
529 2589 712 2673 transiret,
735 2589 990 2662 sanctissimus
1010 2606 1126 2685 pater,
1154 2614 1237 2660 cum
1257 2587 1336 2659 reli-

217 2696 299 2791 quis
320 2696 423 2768 iuxta
436 2695 534 2767 viam
554 2696 668 2791 ipsius
688 2695 864 2768 transitus
884 2696 920 2768 in
940 2695 1133 2792 praedicto
1153 2693 1337 2767 exsistens

216 2803 376 2900 tugurio,
405 2828 473 2874 nec
492 2802 540 2875 ad
559 2802 761 2875 videndum
783 2803 881 2875 [oras
901 2803 1024 2885 exivit,
1051 2802 1150 2900 [nec]
1172 2800 1334 2897 aliquem

216 2909 403 3005 respicere
432 2908 581 3004 pertulit
610 2926 758 3005 praeter
787 2935 912 2992 unum,
943 2909 1005 3005 qui
1036 2908 1334 2982 constantissime

217 3014 264 3087 illi
293 3015 531 3089 annuntiaret
558 3016 717 3113 gloriam
755 3017 851 3088 hanc
880 3016 948 3089 sibi
987 3033 1157 3111 tempore
1187 3015 1336 3088 modico

145 3146 185 3211 25
218 3124 441 3195 duraturam.
499 3123 590 3196 Erat
619 3123 717 3196 enim
746 3122 932 3221 gloriosus
952 3140 1102 3195 sanctus
1122 3147 1247 3194 secum
1274 3124 1334 3193 ha-

217 3227 346 3311 bitans,
371 3246 408 3302 et
436 3231 681 3303 deambulans
710 3230 746 3302 in
775 3228 969 3302 latitudine
998 3228 1121 3302 cordis
1140 3229 1195 3301 sui
1225 3229 1260 3300 in
1291 3255 1332 3300 se

218 3334 372 3433 dignum
400 3336 486 3409 Deo
506 3336 756 3410 habitaculum
777 3338 1036 3434 praeparabat,
1059 3353 1097 3409 et
1117 3337 1202 3409 ideo
1221 3360 1331 3408 aures

217 3442 295 3514 eius
323 3468 397 3516 non
427 3441 595 3539 rapiebat
623 3445 763 3516 clamor
798 3443 971 3528 exterior,
1003 3469 1071 3516 uec
1099 3469 1173 3516 vox
1209 3442 1334 3538 aliqua

218 3567 389 3623 excutere
419 3564 574 3646 poterat,
607 3576 672 3622 seu
693 3551 963 3647 interrumpere
984 3549 1118 3646 ingens
1139 3551 1332 3647 negotium

286 3812 353 3866 2.H
363 3830 412 3865 om.
426 3811 498 3866 nulla
515 3812 684 3883 querimonia
733 3812 869 3883 Eplacito
945 3828 967 3879 3.
985 3812 1019 3865 Os
1035 3811 1062 3863 S.
1079 3810 1120 3863 Fr.
1137 3828 1201 3864 vero
1276 3811 1336 3875 aa

216 3891 241 3942 in
261 3908 315 3944 uno
334 3904 410 3963 quot.
428 3892 529 3945 contin.
586 3893 613 3945 M
634 3905 708 3962 quot.
729 3893 775 3945 im.
795 3892 981 3962 quotidianam
1089 3908 1111 3960 7.
1132 3891 1163 3945 H
1179 3891 1335 3957 detergebat

217 3971 407 4043 8.Retsuper
482 3989 520 4026 11.
534 3972 734 4027 Oshiemserat
778 3973 838 4027 Pin
852 3973 947 4026 eadem
963 3973 1007 4025 diu
1084 3972 1334 4042 12.ASpersistens

217 4050 391 4121 prolixissime
468 4069 506 4120 15.
521 4053 625 4122 eos]H
635 4054 706 4107 enim
785 4051 1030 4106 16.W0m.etiam
1107 4054 1144 4105 18.
1165 4052 1185 4104 P
1207 4069 1269 4104 cum
1289 4052 1333 4105 ille

217 4131 297 4186 Oddo
347 4133 377 4186 H
392 4133 439 4187 illo
458 4134 486 4187 in
505 4145 588 4204 temp.
642 4135 690 4201 Os,
713 4135 755 4187 Ox
775 4133 844 4188 Otto
919 4149 961 4188 ao.
979 4133 1020 4187 Or
1035 4150 1083 4185 orn.
1100 4146 1175 4202 pater
1248 4149 1288 4186 21.
1306 4133 1336 4185 H

217 4212 286 4265 illius
335 4213 379 4268 AS
397 4232 444 4269 om.
465 4216 493 4267 in
513 4214 650 4286 praedicto
749 4214 938 4270 22.l3neal.
1030 4228 1070 4276 24.
1092 4212 1212 4280 modico]
1235 4214 1263 4265 ,ll
1282 4214 1330 4264 mi·

215 4292 288 4345 uimo
360 4298 401 4346 26.
423 4295 457 4349 05
476 4308 552 4348 urse
612 4296 654 4348 Ox
672 4307 697 4347 et
716 4296 742 4347 in
763 4311 792 4347 se
865 4308 907 4362 27.
929 4295 962 4346 Os
982 4306 1152 4363 praepararet
1225 4292 1265 4344 28.
1287 4293 1334 4345 ,45

217 4387 263 4424 om.
284 4389 334 4427 vox
