3142 4875
193 355 269 423 412
500 359 707 410 TRACFATUS
736 361 784 411 DE
813 360 1006 412 MIRACULIS

478 471 496 476 .-
503 471 1164 480 ——-—-—....--...—--—-—--.-—-
1180 475 1313 482 —--.--

191 592 353 667 dictione
382 593 490 668 solita
519 594 727 691 requisitus,
758 595 848 692 quid
877 597 1075 669 barbarum
1106 597 1230 671 nescio
1258 623 1314 671 re-

190 701 381 795 spondens
410 699 621 773 infrenduit.
678 701 740 774 Sic
770 719 894 775 mente
932 718 1073 799 captus
1104 721 1314 800 pertractus

190 808 354 891 domum,
386 807 573 904 loquelam
592 835 661 905 per
682 834 848 882 mensem
869 836 983 882 unum
1012 811 1162 908 penitus
1176 811 1310 885 amisit.

192 914 266 1006 Qui
296 938 379 987 curn
409 915 457 987 ad
487 914 678 988 cuiusdam
699 915 765 988 viri
786 916 859 988 Dei
889 917 1081 990 consilium
1112 943 1153 992 se
1182 937 1313 992 sancto

192 1021 391 1094 Francisco
410 1039 575 1106 voveret,
594 1021 764 1119 loquelae
784 1022 959 1106 officium,
977 1026 1025 1097 ab
1054 1024 1196 1098 insania
1223 1026 1312 1099 libe·
1344 1055 1360 1117 5

189 1144 301 1213 ratus,
319 1129 539 1226 assequitur.

389 1587 449 1658 De
476 1586 629 1682 leprosis
656 1595 690 1657 et
716 1586 958 1683 sanguzssuz's.
1017 1587 1101 1660 XV.

274 1861 356 1946 146.
387 1854 503 1951 Apud
532 1854 709 1927 Sanctum
730 1854 950 1928 Severinum
981 1857 1124 1930 iuvenis
1143 1859 1305 1955 quidam,

186 1964 287 2034 Aeto
317 1961 476 2045 nomine,
509 1978 609 2034 totus
637 1962 807 2058 leprosus
836 1978 925 2035 erat.
985 1963 1102 2036 Cuius
1131 1966 1308 2040 membris

187 2067 452 2142 exsistentibus
471 2068 645 2141 omnibus
663 2068 823 2166 turgidis
842 2085 880 2143 et
900 2070 1096 2166 protensis
1120 2071 1307 2146 horrendo
1343 2099 1383 2147 ro

185 2194 340 2272 aspectu
378 2191 510 2248 cuncta
548 2177 725 2249 cernebat
762 2175 854 2272 ipse.
925 2177 988 2250 Sic
1017 2180 1129 2251 miser
1158 2178 1195 2252 in
1224 2179 1306 2253 loco

186 2282 429 2380 aegritudinis
457 2283 606 2355 assidue
635 2283 770 2367 iacens¹
804 2285 1019 2379 parentibus
1047 2285 1123 2358 suis
1153 2285 1305 2360 multam

186 2391 370 2465 tristitiam
400 2389 606 2488 ingerebat.
665 2389 789 2484 Quem
827 2405 934 2487 pater
961 2390 1021 2465 die
1050 2393 1212 2489 quadam
1241 2419 1305 2493 ag-

185 2498 371 2595 grediens,
404 2514 443 2569 ut
472 2522 512 2569 se
541 2498 653 2569 beato
682 2498 883 2570 Franciseo
916 2518 1070 2573 voveret
1098 2500 1147 2572 illi
1176 2503 1303 2574 suasit.

186 2607 272 2698 Quo
287 2604 498 2702 gaudenter
513 2603 779 2687 consentiente,
794 2621 902 2702 pater
917 2607 1003 2678 lecit
1017 2608 1206 2704 apportari
1222 2635 1305 2682 can·
1341 2638 1378 2702 15

184 2714 291 2783 delae
319 2710 492 2794 licinium,
511 2710 559 2783 de
579 2737 654 2808 quo
674 2710 790 2807 ipsius
817 2710 1051 2809 longitudine
1080 2733 1302 2798 mensurata,

183 2817 339 2915 singulis
373 2819 480 2890 annis
518 2818 626 2890 huius
668 2819 913 2915 longitudinis
955 2819 1149 2893 candelam
1193 2823 1304 2895 beato

184 2925 384 2997 Francisco
427 2923 569 2997 iuvenis
611 2941 760 3022 portare
803 2951 844 2998 se
886 2929 1001 3006 vovit.
1085 2928 1170 3021 Qui,
1217 2946 1304 3001 voto

183 3032 329 3116 emisso
370 3031 466 3104 illico
503 3031 550 3103 de
593 3033 676 3104 loco
719 3057 952 3131 consurgens
993 3060 1015 3108 a
1058 3034 1159 3131 lepra
1202 3062 1304 3108 mun·

183 3141 292 3211 datus
320 3156 388 3211 est.
1337 3169 1380 3214 20

268 3268 351 3337 147.
383 3245 450 3318 Vir
477 3245 580 3329 alius,
612 3245 763 3319 nomine
797 3247 1051 3340 bonushom0,
1080 3247 1127 3319 de
1155 3248 1305 3322 civitate

183 3354 286 3438 Fani,
326 3353 551 3449 paralyticus
586 3369 624 3425 et
663 3352 843 3449 leprosus,
883 3353 931 3427 ad
970 3353 1164 3427 ecclesiam
1204 3356 1303 3429 beati

183 3459 368 3533 Francisci
399 3459 665 3556 aparentibus
693 3461 921 3556 deportatus,
958 3460 1150 3558 utriusque
1183 3464 1301 3536 morbi

182 3569 329 3663 plenam
360 3583 585 3639 consecutus
614 3584 671 3639 est
699 3566 908 3640 sanitatem.

267 3676 349 3764 148.
382 3674 526 3746 Nobilis
563 3674 747 3770 quaedam
784 3674 926 3759 mulier,
957 3675 1108 3772 Rogata
1137 3675 1298 3760 nomine,
1332 3704 1372 3770 25

181 3783 215 3852 in
238 3780 454 3879 episcopatu
475 3780 630 3864 Soran0,
654 3807 738 3853 curn
759 3806 827 3878 per
846 3782 977 3879 viginti
1002 3800 1162 3878 quatuor
1180 3808 1301 3857 annos

180 3889 320 3960 llnxum
349 3887 543 3985 sanguinis
563 3912 673 3984 passa
693 3888 798 3969 soret,
821 3888 977 3961 audiens
996 3890 1197 3984 quemdam
1213 3917 1301 3986 pue·

180 4022 259 4066 rum
289 4020 445 4067 romano
464 4020 638 4067 sermone
654 4012 851 4067 canentem
873 3994 1049 4068 miracula
1077 4021 1174 4092 quae
1194 3997 1301 4070 Deus

179 4129 245 4195 per
273 4104 424 4176 beatum
462 4102 702 4186 Franciscum
740 4101 880 4175 lecerat
913 4101 982 4174 hiis
1010 4102 1152 4187 diebus
1186 4104 1301 4177 nimio
1403 4098 1407 4105 ’

178 4208 306 4281 dolore
343 4224 540 4291 commota,
580 4224 660 4281 tota
697 4208 865 4305 prorupit
894 4208 929 4280 in
959 4208 1140 4295 lacrimas
1172 4211 1300 4308 sicque
1332 4239 1377 4304 30
1417 4220 1423 4229 '

179 4315 273 4386 intra
305 4339 345 4386 se
384 4315 455 4386 fide
494 4340 653 4389 accensa
689 4315 815 4388 dicere
848 4316 988 4413 coepit:
1021 4316 1056 4390 O
1085 4316 1301 4392 beatissime

178 4437 284 4512 pater
312 4421 521 4503 Francisce‚
543 4447 740 4519 perquem
760 4438 865 4496 tanta
884 4421 1060 4496 miracula
1089 4441 1297 4508 coruscant,
