3142 4875
602 364 880 416 PROLEGOMENA
1215 365 1307 415 XLIII

176 587 443 657 certitudinaliter
477 588 645 665 sciverint,
682 605 715 654 et
748 587 881 676 probata
917 587 959 654 ibi
996 588 1059 655 sint
1094 588 1199 677 posita
1235 587 1266 655 di
1282 591 1307 656 i·

178 695 388 783 genters.(¹)
980 703 982 708 “

245 801 422 881 Quaenam
456 819 567 868 autem
599 818 665 868 erat
692 801 740 892 ¹vis
770 800 865 867 huius
896 799 1109 868 ordinationis
1133 801 1166 868 in
1196 821 1307 870 mente

177 908 320 996 Capituli
354 907 539 998 generalis?
600 904 745 986 Quidam
776 907 891 974 volunt
921 907 983 974 tale
1016 905 1179 975 decretum
1209 906 1307 976 fuisse

176 1033 305 1082 tantum
331 1015 370 1083 de
395 1014 555 1102 Legendis
579 1012 785 1101 liturgicis,(²)
809 1033 840 1081 et
865 1014 943 1081 haec
967 1016 1078 1103 opinio
1101 1016 1306 1104 potissimum

179 1121 390 1189 confirmatur
414 1121 590 1187 insertione
615 1120 788 1208 praesentis
812 1119 930 1187 decreti
954 1121 987 1187 in
1011 1121 1200 1189 collectione
1224 1122 1306 1190 ordi·

181 1228 352 1295 nationum
368 1231 451 1295 unica
466 1228 696 1316 liturgicarum,
715 1248 814 1315 quam
833 1227 961 1314 praebet
980 1228 1112 1316 quidam
1136 1228 1238 1296 codex
1255 1231 1307 1297 Bi-

182 1334 364 1402 bliothecae
391 1333 621 1414 Vaticanae,(³l
645 1350 677 1400 et
708 1333 968 1421 aequiparatione
998 1357 1074 1401 cum
1104 1335 1306 1404 ordinatione

182 1443 306 1530 aliquot
325 1461 400 1508 ante
420 1463 524 1508 annos
539 1441 601 1506 lata
620 1441 652 1507 in
666 1439 793 1508 Ordine
811 1439 1080 1522 Praedicatotum,
1099 1440 1137 1509 de
1155 1442 1308 1531 Legenda

180 1551 284 1617 sancti
309 1549 476 1616 Dominici
501 1548 617 1614 inserta
641 1549 674 1614 in
699 1548 956 1614 Lectionari0.(⁴l
1009 1549 1071 1616 Alii
1096 1568 1204 1616 autem
1230 1571 1307 1618 con·

179 1654 319 1723 tendunt
343 1655 375 1721 in
400 1654 458 1721 illo
482 1672 653 1742 praecepto
677 1652 909 1741 contemplatas
926 1677 995 1721 esse
1017 1677 1130 1722 omnes
1154 1655 1307 1746 legendas

180 1783 413 1850 quascumque,
423 1761 459 1814 (5)
484 1777 515 1826 et
538 1758 617 1827 illud
641 1759 836 1827 confirmant
854 1759 957 1827 forma
973 1762 1113 1850 generali
1132 1760 1250 1829 decreti
1274 1764 1307 1830 in

180 1890 246 1956 quo
270 1866 386 1935 dicitur
414 1889 558 1934 «omnes
582 1866 738 1954 legendae
762 1866 841 1933 olim
865 1866 1010 1949 factae»,
1037 1887 1068 1934 et
1100 1868 1307 1956 impossibili·

183 1995 247 2042 tate
275 1974 519 2063 constringendi
543 1974 621 2041 alios
645 1974 685 2041 ad
709 1973 869 2062 liturgiam
898 1974 1098 2056 mutandam,
1122 1976 1306 2063 praesertim

184 2080 371 2170 accipiendo
396 2078 567 2169 legendam
592 2080 693 2146 sancti
717 2080 972 2147 Bonaventurae.
1022 2085 1174 2148 Attamen
1197 2083 1308 2169 negari

184 2211 251 2254 non
276 2205 382 2276 potest
406 2187 445 2253 ab
470 2185 530 2252 illis
554 2187 650 2253 etiam
675 2187 828 2274 legendas
850 2186 1022 2274 liturgicus,
1048 2206 1136 2255 extra
1159 2188 1307 2256 ordinem

255 2403 298 2473 (ι)
313 2402 372 2456 Hoc
387 2399 526 2457 decretum
541 2400 641 2472 primus
655 2400 736 2454 edidit
752 2400 779 2453 Ρ.
796 2401 902 2455 Riualdi
922 2401 960 2473 (p.
974 2417 1003 2457 xr
1017 2403 1080 2456 edit.
1101 2402 1304 2475 Legendarum)

185 2510 217 2546 es
237 2493 332 2545 codice
351 2492 432 2545 hodie
451 2491 590 2562 deperdito
615 2490 800 2544 Bibliothecae
829 2492 953 2545 coenobii
973 2492 1001 2546 S.
1021 2492 1158 2547 Francisci
1184 2493 1308 2564 Eugubii.

184 2584 217 2634 A.
233 2581 266 2635 G.
283 2581 362 2634 Little
378 2580 444 2633 illud
459 2580 560 2633 invenit
575 2579 603 2631 in
618 2579 781 2633 collectione
795 2579 1009 2634 Ordinationum
1029 2581 1210 2651 capitulorum
1227 2599 1310 2651 gene·

184 2670 280 2723 talium
301 2669 365 2739 (Ms.
385 2669 499 2740 Phillips
518 2668 592 2738 aoy),
620 2685 701 2739 quam
729 2672 825 2738 partim
854 2669 937 2722 edidit
954 2671 1022 2738 (Tha
1050 2671 1153 2741 English
1181 2672 1310 2725 historiaal

184 2759 329 2823 litabant.
349 2758 425 2822 Xlll,
444 2776 486 2829 pp.
507 2759 643 2828 704-708)
663 2772 690 2811 et
709 2771 812 2811 textum
833 2759 864 2810 ab
887 2758 935 2810 illo
962 2757 1063 2812 editum
1084 2759 1173 2813 tetuli.
1211 2762 1309 2814 Postea

184 2848 256 2901 idem
277 2850 417 2901 decretum
437 2848 540 2901 invenit
561 2850 589 2901 P.
609 2847 670 2900 Van
690 2847 794 2919 Ortroy
813 2848 838 2899 in
859 2849 952 2902 codice
972 2863 1024 2919 4²9
1050 2847 1171 2918 Reginae
1192 2850 1308 2904 Sueviae
1337 2914 1343 2919 ‚

183 2938 254 3008 apud
275 2936 475 2990 Bibliothecam
495 2936 656 2991 Vaticanam
677 2937 812 3005 (Analecta
832 2937 1005 3002 bollandiana,
1024 2951 1041 2990 t.
1063 2938 1165 3003 XVIII,
1184 2956 1209 3008 p.
1237 2942 1309 3007 174).

184 3026 282 3080 Codex
297 3026 343 3080 ille
358 3039 399 3079 est
413 3040 490 3079 vetus
506 3026 744 3096 martyrologium,
758 3025 831 3096 quod
848 3024 897 3077 fuit
910 3026 942 3078 ad
956 3043 1036 3079 usum
1048 3026 1160 3079 fratrum
1171 3027 1307 3081 Minorum

185 3117 341 3168 Pontisarae
361 3115 523 3181 (Pontoise),
543 3127 570 3168 et
588 3115 621 3167 ad
641 3115 719 3167 cuius
732 3113 813 3167 finem
834 3115 940 3168 additae
955 3127 1016 3167 sunt
1036 3115 1220 3169 ordinationes
1234 3116 1308 3169 litur-

184 3207 261 3273 gicae
281 3203 475 3273 Capitulorunr
496 3204 674 3273 generalium,
693 3202 719 3256 ff.
739 3219 853 3274 91-104,
873 3204 1011 3258 decretum
1035 3204 1151 3257 habetur
1169 3202 1187 3257 f.
1206 3220 1253 3275 103
1276 3222 1309 3268 a,

186 3307 244 3363 post
259 3292 460 3347 ordinationem
474 3294 507 3347 de
521 3293 761 3346 commendatione
778 3291 899 3345 iacienda
916 3293 941 3344 in
957 3292 1098 3346 Memento
1112 3305 1168 3345 tam
1185 3294 1307 3345 vivorum

186 3396 267 3449 quam
286 3378 476 3433 defunctorum
499 3399 513 3428 u
525 3380 810 3433 recommendatorum
830 3381 945 3433 ministri
965 3394 991 3434 et
1011 3381 1117 3451 capituli
1138 3380 1309 3450 generalis».

186 3466 314 3539 Sequitur
332 3469 472 3523 decretum
492 3468 600 3539 capituli
618 3485 660 3522 an.
685 3471 750 3540 1269
766 3471 799 3522 de
816 3470 897 3522 missa
918 3471 948 3525 B.
969 3470 1003 3525 V.
1022 3470 1125 3523 Mariae
1150 3468 1310 3523 celebranda

187 3557 229 3610 die
248 3559 367 3612 Sabbati.
406 3558 437 3611 In
452 3558 504 3611 hac
521 3558 683 3612 collectione
702 3559 864 3612 omittuntur
884 3559 1068 3612 ordinationes
1087 3575 1156 3629 quae
1181 3575 1236 3611 non
1251 3576 1312 3629 spe·

187 3659 259 3701 crant
278 3648 311 3700 ad
331 3648 476 3717 liturgiam.

256 3738 299 3801 (a)
319 3735 410 3790 Eludas
425 3737 621 3799 Franciscaines,
637 3748 655 3790 t.
675 3735 696 3797 I,
717 3754 741 3807 p.
758 3734 824 3806 656;
842 3736 963 3791 Analecta
983 3736 1159 3800 Bollandiana,
1180 3736 1229 3789 loc.
1249 3736 1310 3803 cit.;

187 3825 346 3879 Mucellanca
365 3826 548 3891 Francascana,
566 3838 585 3878 t.
605 3824 667 3888 Vll,
683 3843 708 3896 p.
731 3838 788 3895 159.

257 3916 299 3985 (ς)
319 3914 380 3967 Vid.
400 3931 491 3986 supra,
509 3928 575 3968 nota
596 3930 616 3968 1.

255 4005 300 4071 (4)
322 4003 459 4057 «Mandat
478 4003 605 4073 magister
630 4005 703 4075 quod
724 4005 830 4057 Fratres
855 4016 962 4056 utantur
981 4004 1096 4075 legenda
1120 4005 1189 4056 beari
1212 4004 1310 4057 Domi·

185 4094 238 4145 nici
254 4109 324 4164 quae
342 4093 444 4146 inserta
468 4105 507 4146 est
525 4094 552 4145 in
571 4092 737 4159 lectionario,
762 4106 788 4146 et
809 4094 877 4147 aliae
897 4094 1025 4164 deinceps
1044 4112 1101 4148 non
1121 4096 1310 4149 scribantur».

185 4181 348 4236 Monnntanla
367 4182 463 4236 ordinis
476 4184 595 4253 fratrum
622 4184 830 4238 Praedicatornm
857 4185 983 4250 historica,
1004 4197 1023 4239 t.
1049 4185 1143 4254 111,p.
1168 4202 1225 4253 105.
1246 4188 1311 4239 Acta

186 4269 363 4344 Capitalornm
379 4271 544 4341 generalium.
582 4271 642 4326 Hoc
663 4274 803 4327 decretum
824 4275 908 4327 latum
922 4272 972 4327 suit
985 4291 1057 4327 anno
1075 4270 1150 4327 1260.
1185 4272 1227 4328 (ΣΙ.
1244 4275 1310 4327 Acta

186 4360 238 4425 55,
256 4375 276 4415 t.
297 4361 308 4414 Ι
329 4361 456 4433 Augusti,
475 4361 518 4415 die
538 4378 569 4427 4:
589 4363 623 4415 de
643 4362 671 4414 S.
690 4361 847 4426 Dominic0,
866 4380 891 4416 n.
916 4364 954 4415 18.

256 4451 300 4520 (5)
320 4449 365 4506 ef.
384 4449 530 4518 Lanatam,
550 4452 707 4506 Documenta
721 4452 896 4521 franciscana,
916 4470 976 4522 pars
996 4452 1030 4517 ΙΙ,
1049 4468 1074 4521 p.
1098 4465 1137 4503 11.
