3142 4875
251 594 329 665 pus.
350 568 500 640 nomine
515 567 651 650 Cnido,
666 567 728 665 qui
744 583 916 640 sanctum
932 568 1172 640 Franciscum
1188 582 1226 640 et
1239 592 1372 640 omnes

251 675 382 747 iratres
402 675 438 746 in
459 674 631 748 omnibus
652 676 871 758 honorabat,
894 689 932 747 et
950 674 1101 772 speciali
1121 673 1372 747 venerabatur

250 782 460 854 dilectione.
519 782 692 879 Cumque
711 782 865 854 vidisset
883 798 1052 855 sanctum
1073 779 1312 853 Franciscum
1333 799 1371 854 et

252 890 384 961 iratres
402 887 491 970 eius.
510 913 660 963 causam
681 890 861 970 nesciens,
880 890 1045 985 ipsorum
1065 887 1268 960 adventum
1287 913 1371 986 gra·

251 996 346 1068 viter
360 994 453 1067 tulit.
469 994 646 1068 Timebat
665 995 763 1068 enirn
785 1021 831 1069 ne
852 997 1010 1093 patriam
1024 996 1213 1092 propriam
1233 994 1372 1068 vellent
1402 1023 1420 1087 5

252 1104 438 1185 deserere,
461 1102 592 1199 inqua
620 1104 807 1175 Dominus
835 1127 902 1199 per
930 1128 1058 1175 servos
1082 1127 1169 1175 suos
1195 1103 1268 1175 iam
1288 1125 1372 1173 coe-

253 1224 360 1306 perat
393 1208 556 1282 maxima
588 1211 746 1305 operari.
782 1209 984 1283 Gaudebat
1014 1207 1214 1306 plurimum
1246 1223 1372 1280 tantos

252 1316 352 1388 viros
380 1314 417 1387 in
446 1340 515 1388 suo
543 1315 760 1414 episcopatu
790 1316 939 1398 habere,
967 1316 1015 1389 de
1044 1341 1201 1412 quorum
1230 1314 1306 1387 vita
1334 1330 1372 1388 et

254 1423 420 1495 moribus
449 1422 610 1495 maxime
638 1424 912 1520 praesumebat.
944 1421 1020 1495 Sed
1048 1421 1174 1495 audita
1203 1448 1316 1496 causa
1335 1438 1374 1494 et

254 1554 385 1606 eorum
413 1528 601 1602 intellecto
620 1531 824 1628 proposito,
849 1530 1001 1628 gavisus
1029 1546 1087 1602 est
1105 1527 1214 1601 valde
1239 1529 1276 1601 in
1297 1529 1372 1602 Do·
1408 1553 1447 1598 ιο

255 1637 367 1722 mino,
397 1636 588 1731 spondens
617 1638 670 1710 eis
698 1639 746 1709 ad
775 1638 847 1709 hoc
875 1638 964 1709 dare
1002 1636 1196 1709 consilium
1225 1653 1262 1709 et
1291 1636 1374 1709 sub·

255 1743 389 1816 sidium
412 1743 516 1816 ferre¹
576 1744 747 1816 Accessit
765 1759 962 1840 praeterea
987 1759 1138 1816 sanctus
1153 1742 1374 1815 Franciscus

255 1851 303 1923 ad
337 1851 584 1923 reverendum
616 1850 808 1923 dominum
847 1849 1077 1947 Episcopum
1114 1849 1371 1928 Sabinensem

257 1958 406 2030 nomine
427 1957 604 2029 loannem
625 1958 673 2030 de
688 1959 828 2030 Sancto
844 1955 968 2039 Paulo,
988 1957 1061 2053 qui,
1080 1957 1175 2030 inter
1194 1955 1287 2029 alios
1303 1957 1375 2028 Ro-

256 2089 390 2138 manae
409 2064 534 2137 curiae
553 2062 739 2161 principes
757 2081 796 2136 et
816 2064 986 2144 maiores,
1009 2065 1205 2136 videbatur
1227 2078 1375 2136 terrena
1409 2087 1447 2152 15

255 2170 451 2268 despicere
465 2187 503 2243 et
518 2196 643 2244 amare
659 2170 845 2244 caelestia.
890 2170 965 2265 Qui
981 2196 1065 2243 eum
1083 2170 1247 2267 benigne
1262 2188 1374 2266 atque

257 2276 475 2350 charitative
485 2278 702 2375 suscipiens
714 2278 830 2375 ipsius
846 2277 1074 2351 voluntatem
1091 2293 1128 2348 et
1142 2278 1373 2374 propositum

258 2383 456 2480 plurimum
486 2384 772 2458 commendavit.

341 2515 400 2585 33.
419 2490 570 2574 Verum,
589 2493 676 2588 quia
696 2494 810 2565 homo
828 2508 909 2565 erat
927 2492 1106 2587 providus
1125 2509 1163 2565 et
1181 2492 1374 2572 discretus,

258 2598 383 2695 coepit
401 2624 487 2671 eum
507 2599 555 2671 de
576 2601 698 2671 multis
718 2598 962 2696 interrogare,
983 2614 1022 2671 et
1041 2616 1081 2672 ut
1100 2600 1148 2672 ad
1167 2600 1281 2671 vitam
1303 2622 1377 2670 mo·
1407 2616 1451 2663 20

259 2704 438 2778 nasticam
471 2731 537 2778 seu
575 2704 831 2779 heremiticam
863 2706 1065 2779 diverteret
1101 2706 1294 2779 suadebat.
1325 2704 1379 2776 At

258 2829 409 2885 sanctus
438 2813 658 2886 Franciscus
686 2813 899 2885 suasionem
929 2814 1008 2885 eius
1041 2812 1237 2896 humiliter,
1269 2828 1379 2910 prout

258 2934 415 3017 poterat,
434 2921 639 3001 recusabat,
659 2944 733 2993 non
754 2945 932 3016 persuasa
950 2919 1203 3016 despiciendo
1221 2920 1288 2992 sed
1308 2917 1380 2990 alia

259 3026 320 3123 pie
348 3026 559 3099 affectando
587 3026 706 3099 aitiori
735 3025 923 3099 desiderio
943 3027 1140 3109 serebatur.
1173 3025 1381 3099 Mirabatur

260 3133 434 3205 dominus
462 3132 522 3205 ille
550 3134 733 3206 servorem
763 3134 889 3229 ipsius,
921 3150 958 3206 et
985 3134 1121 3206 timens
1150 3159 1198 3205 ne
1225 3159 1248 3205 a
1276 3149 1380 3205 tanto
1410 3151 1450 3215 25

260 3239 454 3337 proposito
487 3240 653 3321 resiliret,
695 3242 728 3313 ei
768 3240 936 3336 planiora
973 3241 1105 3313 itinera
1144 3240 1377 3313 ostendebat.

260 3346 444 3428 Tandem,
470 3346 551 3419 eius
579 3347 811 3419 constantiae
832 3347 950 3419 victus
978 3346 1163 3443 precibus,
1193 3346 1382 3443 acquievit

261 3469 299 3526 et
327 3478 452 3526 coram
481 3454 634 3526 domino
654 3455 756 3550 Papa
775 3453 917 3526 studuit
937 3455 1017 3526 eius
1044 3454 1196 3551 negotia
1224 3454 1273 3525 de
1302 3477 1381 3525 cae-

260 3578 341 3634 tero
370 3586 603 3658 promovere.
644 3561 820 3634 Praeerat
856 3578 944 3633 tunc
980 3561 1161 3658 temporis
1189 3560 1382 3633 Ecclesiae

337 3837 391 3889 1·3·
405 3822 438 3874 Os
450 3840 498 3874 om.
508 3835 534 3874 et
543 3838 638 3875 omnes
650 3853 665 3862 -
677 3824 850 3878 Franciscum
925 3842 985 3895 4-5.
997 3827 1044 3881 AS
1053 3845 1102 3881 om.
1113 3829 1229 3897 graviter
1303 3845 1325 3895 ς.
1336 3829 1382 3895 ne]

261 3901 376 3971 Hquod
434 3903 463 3954 ‚ii
482 3920 530 3954 om.
551 3905 687 3972 propriam
761 3902 784 3957 6.
808 3906 842 3960 Os
862 3924 910 3959 om.
931 3907 984 3958 iam
1058 3923 1083 3977 7.
1104 3909 1234 3977 maxima]
1251 3909 1286 3963 Os
1300 3910 1382 3969 mira;

261 3982 306 4035 As
324 3998 373 4037 om.
479 3997 571 4036 11·12.
591 3984 638 4037 AS
656 3985 822 4053 respondens
841 3987 878 4038 eis
899 4004 927 4039 se
948 3986 981 4039 ad
1001 3987 1054 4039 hoc
1075 3988 1265 4041 consiliumet
1285 3990 1382 4059 praesi-

262 4060 338 4113 dium
357 4060 413 4115 fore
508 4078 546 4116 11.
568 4065 587 4117 R
607 4081 655 4116 om.
675 4064 708 4116 ad
728 4064 780 4117 hoc
870 4081 909 4120 12.
929 4067 1080 4137 praeterea]
1103 4068 1137 4122 Os
1157 4082 1267 4138 postea;
1288 4069 1318 4122 H
1335 4087 1383 4122 om.

267 4157 305 4207 13.
327 4141 515 4212 Sabinensem]
537 4144 565 4196 H
581 4144 731 4213 sapientem
830 4162 868 4212 ις,
889 4148 1017 4216 maiores]
1040 4148 1066 4200 Η
1086 4150 1173 4216 magis
1267 4147 1306 4202 16.
1327 4148 1382 4211 Qu=

263 4221 338 4288 eum]
364 4222 412 4275 As
435 4222 505 4274 Nam
531 4221 608 4276 illum
709 4238 807 4278 20·21.
834 4226 866 4278 Μ
888 4226 1079 4279 monachicam
1180 4243 1221 4297 23.
1245 4229 1383 4297 persuasa]

264 4300 311 4430 {15
327 4317 425 4363 suasam
448 4304 468 4357 R
488 4318 537 4355 sua
625 4320 665 4368 24.
687 4305 717 4357 ,ii
735 4304 825 4358 ultiori
922 4306 964 4359 26.
986 4308 1005 4361 R
1025 4325 1075 4360 om.
1095 4308 1119 4359 ei
1212 4308 1253 4361 28.
1274 4309 1385 4362 ASom.

288 4396 337 4449 apa
