3142 4875
602 394 881 445 PROLEGOMENA
1239 395 1299 445 LIX

239 617 330 683 Assi
341 618 374 683 si
385 617 522 684 ensis.
571 614 815 684 Enumerandus
831 634 878 683 est
894 617 990 682 etiam
1006 618 1088 683 inter
1104 616 1230 684 codices
1248 615 1302 684 de-

178 722 312 811 perditos
337 723 391 791 vet
415 721 599 792 destructos
622 723 675 790 ille
695 722 810 805 codex,
831 724 922 790 cuius
940 745 1044 791 unum
1064 722 1167 790 adhuc
1189 722 1304 790 folium

176 848 286 911 exstat,
302 831 461 920 operculo
478 830 599 898 codicis
614 852 630 918 3
637 852 675 918 51
692 829 905 897 bibliothecae
921 831 1118 912 Assisiensis,
1136 834 1199 898 iam
1216 830 1304 899 Sacri

178 936 366 1004 Conventus
393 938 429 1005 S.
448 939 621 1018 nancisci,
640 936 950 1024 conglutinatum.(¹l
997 938 1043 1004 Ex
1068 957 1204 1025 quatuor
1223 936 1304 1004 duae

176 1046 308 1133 paginae
331 1047 445 1113 solum
470 1046 535 1133 legi
566 1063 712 1132 possunt,
737 1045 815 1111 aliae
840 1044 927 1111 enim
951 1044 1103 1130 operculo
1130 1045 1305 1112 adhaerent

179 1171 209 1218 et
219 1153 251 1218 in
267 1151 327 1220 illis
344 1152 508 1219 habentur
525 1151 590 1219 duo
609 1149 789 1240 fragmenta
804 1149 936 1217 scilicet:
957 1149 1030 1216 finis
1048 1150 1174 1238 capituli
1190 1151 1304 1218 XXIV

179 1259 268 1345 primi
298 1258 449 1346 opusculi
486 1280 562 1325 cnm
599 1256 704 1323 media
736 1276 823 1345 parte
853 1257 1027 1345 sequentis,
1059 1276 1090 1324 et
1119 1280 1190 1346 pars
1222 1257 1304 1346 capi·

181 1364 234 1431 tuli
257 1365 389 1433 XXIX.

183 1561 191 1596 I
223 1502 300 1652 piac.
338 1500 576 1555 mutterdomum
579 1536 1074 1554 ............
1102 1515 1163 1569 pag.
1201 1496 1248 1553 68:
1271 1512 1301 1564 25

196 1585 203 1597 ’
251 1604 308 1659 exp.
342 1589 419 1643 Uxor
439 1602 529 1642 autem
577 1627 806 1643 ......
831 1587 838 1598 ’
844 1627 1160 1641 ........
1202 1603 1249 1656 70:
1291 1603 1301 1640 1

251 1683 300 1735 inc.
342 1681 493 1752 praeconio
513 1678 662 1732 extollebat
669 1717 1162 1733 ............
1201 1679 1249 1730 82:
1272 1692 1303 1729 12

180 1738 203 1777 ι’
251 1781 307 1841 exp.
342 1786 360 1822 o
380 1770 451 1823 bone
470 1768 543 1832 iesu,
562 1782 588 1821 te
608 1767 821 1838 admirlabilem]
844 1807 1163 1821 ........
1201 1767 1251 1836 833
1274 1782 1307 1820 10

245 1912 321 1977 Hoc
340 1908 559 2000 fragmentum
581 1908 723 1975 humane
747 1907 826 1974 mihi
846 1907 1071 1995 transcriptum
1091 1931 1108 1972 a
1131 1906 1234 1974 Paulo
1250 1908 1307 1974 Sa·

182 2017 277 2086 batier
301 2039 416 2108 postea
444 2019 568 2106 inspexi
603 2036 635 2084 et
667 2017 856 2106 recognovi,
885 2035 916 2084 et
950 2014 1154 2082 tribuendum
1182 2016 1308 2083 viderur

180 2125 309 2193 saeculo
335 2145 393 2193 xrv
414 2125 549 2192 ineunti.

570 2283 603 2338 ll.
619 2283 755 2337 Leontina
774 2298 914 2336 stennon.

249 2433 528 2504 Assisiensis.
576 2433 690 2502 Codex
704 2433 755 2501 ille
768 2433 985 2502 Bibliothecae
1002 2434 1088 2501 Sacri
1106 2436 1307 2517 Conventus,

185 2545 323 2611 nuncin
348 2542 543 2610 bibliotheca
568 2541 777 2608 Communali
811 2540 985 2628 depositus,
1018 2543 1165 2630 catalogo
1202 2544 1306 2609 inscri-

186 2648 267 2717 bitur
287 2651 348 2718 sub
370 2672 508 2717 nurnero
534 2650 599 2715 686
622 2666 653 2714 et
677 2651 720 2715 ita
744 2647 943 2715 describitur:

255 2784 385 2838 Thomae
413 2801 428 2837 a
457 2783 564 2838 Celano
593 2783 647 2834 vita
673 2782 700 2834 S.
730 2781 879 2836 Francisci:
901 2781 1066 2852 «Incipiunt
1094 2782 1307 2838 rubricae...».

187 2873 273 2945 Segne
291 2873 452 2927 nell'ultima
474 2873 574 2942 pagina
594 2889 629 2924 un
649 2872 743 2925 ordine
763 2872 789 2924 di
808 2874 951 2925 condanna
971 2886 1068 2925 contro
1088 2871 1125 2942 gli
1148 2873 1250 2937 cretici,
1269 2872 1307 2925 in-

186 2963 325 3027 cantatori,
344 2961 519 3015 fattucchieri
539 2978 554 3013 e
573 2960 696 3014 mallardi
713 2964 779 3026 (sec.
795 2964 858 3029 xv),
871 2962 897 3012 di
911 2960 941 3013 sr.
954 2962 1056 3013 blatteo
1071 2961 1193 3013 Ranucci
1207 2961 1308 3014 Sanese

187 3051 389 3122 Inquisitore.(²)

255 3142 370 3197 Membr.
390 3158 445 3195 sec.
465 3156 525 3206 x1v,
546 3157 611 3192 mm.
635 3142 725 3205 140><
741 3155 799 3209 105,
818 3158 862 3210 pp.
884 3155 941 3193 roz.

252 3275 369 3341 Manus
389 3274 559 3360 posterior,
583 3294 681 3359 quarn
706 3272 855 3339 nonnulli
886 3270 972 3339 hand
995 3275 1064 3339 sine
1095 3270 1307 3340 fundamento

187 3383 316 3450 credunt
332 3384 368 3449 P.
391 3380 552 3448 Ludovici
569 3380 727 3467 lipsind»
744 3380 850 3468 primo
870 3380 947 3447 lolio
973 3381 1140 3446 chartaceo
1156 3381 1307 3468 operculo

256 3598 297 3664 (r)
317 3596 348 3648 ln
366 3595 416 3648 illo
435 3595 531 3649 codice
555 3611 625 3648 saec.
646 3611 704 3659 xnr,
722 3596 836 3666 'scriptus
855 3609 895 3647 est
912 3615 926 3644 «
938 3595 1082 3649 Tractatus
1096 3596 1128 3648 de
1142 3596 1194 3647 vita
1209 3609 1234 3648 et
1249 3613 1307 3666 pas·

188 3686 262 3737 sione
287 3686 356 3737 beati
378 3684 505 3736 Thomae
531 3683 782 3754 Archipraesttlis».
831 3682 873 3737 Cf.
895 3685 928 3739 G.
949 3684 1138 3747 Mazzarturt,
1162 3684 1307 3737 lrnvrrtorio

187 3773 223 3827 dei
242 3775 397 3828 rnonoscritli
416 3772 475 3826 dalla
496 3773 638 3827 biblioteclra
657 3773 769 3838 d’lratta,
788 3773 843 3826 vol.
864 3773 911 3838 IV,
932 3773 1014 3837 Porll,
1037 3774 1110 3841 1894.

255 3866 295 3929 (a)
317 3863 395 3916 Error
411 3874 451 3915 est
464 3864 491 3915 in
511 3863 562 3915 hac
583 3862 755 3928 indicatione,
769 3880 833 3915 nam
852 3863 912 3916 illae
927 3864 1112 3915 ordinationes
1125 3874 1186 3914 sunt
1201 3862 1229 3914 ir.
1247 3863 1308 3914 liar·

188 3951 336 4005 tholomaei
350 3954 383 4005 de
401 3951 632 4021 Montepolitiano
646 3953 784 4022 guardiani
802 3952 851 4003 loci
872 3952 899 4004 S.
914 3952 1068 4015 Processus,
1086 3952 1179 4002 vicarii
1197 3951 1226 4003 ir.
1241 3951 1309 4003 Mat-

187 4041 254 4093 thaei
274 4041 307 4094 de
327 4041 479 4093 Ranuccini
499 4041 533 4093 de
554 4040 633 4093 Senis
653 4041 679 4093 in
700 4042 838 4110 provincia
860 4040 975 4093 Tusciae
997 4040 1174 4110 inquisitoris.
1214 4042 1308 4110 Papini

188 4130 306 4183 notulam
335 4130 438 4183 addidit
466 4146 624 4184 memorans
653 4131 754 4184 dictum
775 4131 1021 4183 Bartholomaeum
1050 4131 1199 4183 institutum
1226 4130 1308 4182 luisse

188 4217 322 4273 vicarium
342 4237 358 4271 a
376 4218 407 4271 fr.
428 4220 567 4273 Matthaeo
587 4220 657 4273 circa
677 4236 778 4273 annum
804 4235 878 4284 1410.

256 4311 298 4378 (3)
319 4308 473 4362 Ludovicus
492 4308 595 4368 Ltvstx.
610 4308 645 4362 al.
665 4309 777 4378 Lipsius,
792 4325 865 4361 anno
888 4307 954 4378 1756
974 4309 1068 4361 Assisii
1089 4307 1181 4378 praelo
1196 4309 1309 4362 subiecit

191 4396 393 4468 Compendiosam
412 4398 541 4451 lrirlorr'unt
561 4401 628 4451 vitae
646 4398 670 4451 S.
691 4398 718 4450 P.
740 4399 873 4451 Francisri
892 4400 917 4449 in
932 4399 1047 4467 'forratam
1066 4397 1167 4463 dialogi.
1216 4398 1242 4449 ln
1263 4414 1308 4466 ap-

190 4485 391 4553 probationibus
413 4484 507 4539 dicitur
527 4485 764 4539 Eat-Provincialis
785 4497 811 4537 et
831 4485 907 4538 Sacri
928 4486 1088 4537 Conventus
1110 4483 1176 4535 olim
1198 4483 1307 4535 Custos.
