3142 4875
611 342 782 392 LEGENDA
810 343 977 392 SECUNDA

227 576 361 648 dolens
380 591 486 672 pater
505 592 657 649 sanctus
679 576 819 649 vicario
839 602 908 649 suo
927 577 1029 649 lratri
1049 578 1161 650 Petro
1178 577 1351 651 Catbanii

228 682 340 754 dixit:
372 683 574 755 Possumus
602 681 764 780 aliquam
783 683 1064 779 eleemosynam
1093 684 1216 757 lacere
1244 686 1351 758 matri

231 788 404 862 nostrae?
459 790 621 862 Matrem
642 789 781 887 quippe
801 790 956 863 alicuius
976 791 1108 876 lratris,
1130 807 1168 864 et
1187 816 1294 863 suam
1314 809 1352 864 et

230 896 398 968 omnium
419 897 570 969 fratrum
596 912 753 970 matrem
782 896 941 970 dicebat.
1000 898 1211 994 Respondit
1230 897 1352 972 eilra-

231 1020 289 1074 ter
317 1003 465 1075 Petrus:
496 1002 595 1074 Nihil
620 1003 720 1077 domi
741 1020 923 1099 superest,
946 1006 1047 1101 quod
1067 1004 1100 1076 ei
1121 1005 1199 1076 dari
1221 1004 1348 1101 possit.
1381 1029 1399 1094 5

232 1109 281 1181 Et
300 1108 454 1181 adiecit:
477 1107 602 1181 Unum
622 1111 771 1182 Novum
792 1110 1078 1183 Testamentum
1098 1111 1290 1194 habemus
1314 1111 1350 1184 in

229 1242 316 1311 qu0,
340 1215 523 1288 breviario
538 1233 718 1300 carentes,
739 1217 788 1289 ad
809 1218 1031 1290 matutinum
1052 1218 1212 1315 legimus
1227 1217 1349 1291 lectio·

233 1348 308 1394 nes.
369 1322 439 1394 Cui
462 1324 595 1396 beatus
617 1324 857 1396 Franciscus:
880 1325 942 1398 Da
962 1325 1069 1396 matri
1100 1339 1249 1397 nostrae
1277 1326 1352 1398 No·

230 1455 316 1500 vum
337 1428 635 1511 Testamentum,
667 1447 707 1501 ut
735 1430 873 1503 vendat
904 1430 993 1502 illud
1014 1456 1082 1528 pro
1101 1456 1169 1504 sua
1194 1432 1353 1504 necessi·

231 1553 318 1617 tate,
341 1535 428 1631 quia
447 1562 514 1632 per
535 1539 653 1633 ipsum
678 1562 874 1610 monemur
893 1538 1092 1609 subvenire
1112 1538 1349 1636 pauperibus
1383 1563 1424 1609 10

231 1643 357 1714 Credo
391 1642 566 1739 equidem
603 1643 705 1739 quod
744 1644 866 1740 magis
905 1644 993 1716 inde
1021 1643 1183 1740 placebit
1211 1646 1351 1717 donum

229 1773 343 1843 quam
373 1748 493 1821 lectio.
551 1750 674 1822 Datur
702 1774 797 1847 ergo
827 1749 969 1823 mulieri
991 1750 1093 1834 liber,
1125 1768 1163 1824 et
1191 1751 1351 1846 primum

216 1855 516 1950 Testamentum
536 1858 638 1952 quod
660 1856 696 1928 in
718 1857 862 1930 Ordine
892 1857 958 1929 luit
987 1883 1093 1930 sacra
1121 1858 1191 1929 hac
1211 1857 1352 1954 pietate

231 1961 455 2035 distrahitur.

234 2257 434 2352 [Quomodo
459 2258 607 2328 cuidam
626 2257 794 2351 pauperi
815 2256 973 2327 mulieri
984 2258 1154 2351 patienti
1178 2258 1219 2326 in
1238 2256 1354 2328 oculis
1387 2283 1422 2348 15

521 2373 623 2444 dedit
650 2371 899 2470 orantellum}
959 2371 1057 2443 LIX.

311 2592 373 2659 92.
403 2567 594 2663 Tempore
613 2594 688 2664 quo
710 2568 924 2640 morabatur
952 2586 1102 2640 sanctus
1131 2567 1353 2640 Franciscus

231 2679 266 2746 in
297 2673 435 2771 palatio
455 2674 631 2772 Episcopi
659 2675 808 2747 Reatini
829 2700 897 2770 pro
917 2675 1110 2746 oculorum
1139 2675 1352 2748 infirmitate

231 2784 405 2863 curanda,
429 2782 614 2876 quaedam
635 2782 861 2878 paupercula
882 2781 1013 2853 mulier
1031 2781 1079 2854 de
1103 2781 1352 2879 M[a]chilone

232 2890 333 2961 venit
348 2889 395 2960 ad
413 2889 608 2971 medicum,
633 2890 775 2961 babens
795 2904 833 2960 et
848 2888 929 2985 ipsa
948 2887 1105 2960 similem
1122 2915 1206 2960 cum
1221 2903 1352 2961 sancto
1382 2916 1423 2961 20

234 2996 495 3067 infirmitatem.
553 2996 712 3067 Sanctus
736 3020 830 3092 ergo
852 2995 1101 3092 guardianum
1122 3021 1228 3066 suum
1251 2995 1353 3067 sami-

232 3103 370 3175 liariter
389 3102 583 3198 alloquens
602 3102 689 3175 talia
704 3102 889 3198 quaedam
907 3100 1074 3174 instillat:
1098 3103 1230 3174 Frater
1244 3127 1353 3199 guar-

232 3211 353 3293 diane,
376 3225 525 3305 oportet
554 3236 621 3281 nos
650 3209 807 3281 reddere
827 3208 1000 3280 alienum.
1060 3208 1133 3302 Qui
1160 3208 1354 3306 respondit

232 3318 285 3388 ei:
315 3317 519 3399 Reddatur,
551 3332 666 3413 pater,
691 3314 842 3412 siquod
871 3332 928 3387 est
956 3317 1056 3411 apud
1086 3342 1165 3389 nos.
1224 3317 1349 3399 Istum,

232 3423 360 3521 inquit,
392 3423 619 3508 mantellum,
641 3449 753 3519 quem
774 3438 905 3495 mutuo
925 3422 1138 3520 accepimus
1157 3448 1179 3495 a
1200 3422 1353 3495 muliere
1382 3448 1421 3512 25

231 3533 292 3603 illa
311 3531 548 3629 paupercula,
572 3531 811 3602 restituamus
833 3529 967 3612 eidem,
990 3529 1077 3626 quia
1098 3529 1186 3602 nibil
1207 3546 1264 3602 est
1283 3529 1353 3602 sibi

231 3665 299 3733 pro
319 3637 495 3734 expensis
515 3638 551 3708 in
571 3638 694 3711 bursa.
752 3637 964 3732 Respondit
993 3638 1242 3732 guardianus:
1266 3637 1353 3708 Fra-

231 3764 299 3828 ter,
331 3745 400 3818 iste
430 3743 627 3816 mantellus
656 3759 713 3817 est
742 3769 857 3827 meus
896 3760 983 3816 eta
1022 3743 1122 3816 nullo
1159 3744 1266 3816 nobis
1293 3769 1353 3815 ac·

232 3852 492 3924 commodatus
511 3868 586 3933 est;
605 3876 801 3948 quousque
820 3851 884 3922 tibi
907 3850 1096 3946 placuerit,
1115 3866 1236 3933 utere3
1255 3864 1353 3946 post-

232 3985 344 4054 quam
384 3958 435 4030 uti
473 3957 645 4044 nolueris,
684 3958 773 4029 mibi
810 3957 911 4029 illum
941 3957 1101 4055 resigna.
1159 3957 1352 4054 Siquidem
1383 3986 1425 4053 30

232 4066 343 4162 paulo
379 4082 467 4138 ante
502 4065 732 4163 guardianus
769 4080 912 4137 emerat
946 4064 1067 4162 ipsum
1097 4089 1166 4162 pro
1196 4063 1354 4137 necessi-

305 4255 726 4310 11-12..-llom.Cretlo-lectio
803 4255 1037 4327 19.AMichilone
1111 4256 1354 4309 21.Mom.suum

232 4335 437 4477 pplpioiquuilllla
510 4336 551 4389 28.
565 4335 657 4403 nobis]
673 4338 701 4388 ll
715 4335 782 4388 mihi
857 4335 1091 4405 29.tibi]Renim
1166 4336 1254 4405 3o.M
1264 4336 1352 4406 ipsum
