3142 4875
612 354 890 404 PROLEGOMENA
1252 359 1313 407 XLI

256 576 344 642 Haec
368 574 504 663 epistola
529 574 696 663 bucusque
720 598 787 642 non
811 573 871 643 fuit
899 576 1040 656 inventa,
1071 598 1148 643 nam
1180 580 1313 648 unicum

188 682 351 770 exemplar
365 680 463 749 hodie
481 683 650 770 cognitum
666 679 796 770 praefati
814 680 986 749 Tractatus
1000 683 1230 752 Miraculomm
1245 688 1314 753 siue

188 787 255 855 ullo
273 787 411 877 prologo
429 788 552 875 incipit.
600 788 691 855 Aliae
715 806 826 855 autem
845 806 942 855 notae
958 788 1205 858 authenticitatis
1223 793 1256 859 in
1274 816 1314 859 eo

187 915 263 962 sunt
285 918 367 984 quae
391 895 471 961 nihil
496 893 584 961 dubii
608 894 846 982 relinquunt.(¹)
904 894 1010 961 Verba
1039 895 1154 982 quibus
1183 898 1314 965 conclu·

189 1001 274 1070 ditur
296 1003 437 1091 apprime
462 1020 644 1069 consonant
659 1024 734 1068 cum
750 1000 842 1067 dictis
858 1000 1105 1069 Chronicarum.
1152 1004 1206 1070 Ait
1225 1006 1313 1071 enim

190 1128 314 1175 auctor:
343 1108 509 1175 «Minime
533 1107 573 1173 ad
597 1107 676 1174 haec
706 1106 873 1174 scribenda
900 1128 961 1174 nos
992 1109 1071 1174 vitio
1097 1111 1242 1176 vanitatis
1266 1113 1313 1178 in·

190 1217 416 1303 gessimus,...
440 1215 497 1282 sed
521 1215 704 1302 rogantium
728 1211 861 1280 fratrum
886 1216 1018 1280 extorsit
1049 1214 1128 1282 haec
1157 1219 1312 1305 importu-

190 1323 273 1388 nitas
293 1340 324 1388 et
348 1341 533 1388 nostrorum
559 1318 664 1409 perfici
691 1320 782 1387 iussit
807 1322 977 1387 auctoritas
1002 1321 1254 1407 praelatorumi.

258 1428 296 1495 ln
320 1428 374 1493 illo
393 1445 527 1495 tractatu
553 1427 655 1493 multa
680 1427 833 1492 miracula
860 1428 923 1491 iarn
949 1428 980 1492 in
1013 1427 1135 1496 duabus
1170 1429 1314 1518 legendis

190 1553 314 1602 narrata
336 1534 528 1616 inseruntur,
546 1533 619 1601 licet
642 1532 838 1622 quandoque
860 1533 984 1600 brevius
1008 1533 1129 1601 factum
1153 1535 1314 1604 referatur.

192 1642 315 1726 Quoad
338 1643 438 1709 vitam
466 1664 545 1708 vero
574 1641 682 1708 Sancti
714 1663 816 1728 pauca
843 1663 930 1707 nova
954 1640 1143 1725 referuntur,
1168 1661 1200 1709 et
1222 1665 1314 1712 sunt:

191 1771 267 1816 usus
292 1747 373 1814 beati
391 1748 551 1815 Francisci
574 1747 770 1835 depingendi
790 1746 887 1834 signo
906 1747 984 1814 thau
1004 1748 1153 1815 cellarum
1179 1753 1315 1836 parietes

191 1854 239 1945 (p.
261 1876 340 1942 343:
362 1876 378 1941 3
384 1854 434 1945 3),
455 1876 491 1921 ac
512 1855 569 1920 tria
588 1853 669 1921 facta
686 1855 750 1920 iam
770 1853 901 1940 cognita
921 1875 938 1918 a
957 1871 1070 1920 sancto
1090 1856 1316 1924 bonaventura

190 1964 244 2049 qui
268 1962 320 2029 illa
345 1960 383 2028 ab
405 1984 444 2029 eo
470 1962 659 2046 desumpsit,
683 1960 804 2027 scilicet
820 1960 988 2048 quomodo
1008 1960 1091 2048 apud
1109 1964 1209 2030 Senas
1226 1985 1316 2046 oves,

191 2067 230 2133 ab
254 2068 325 2156 ipso
349 2066 444 2135 beato
468 2069 547 2134 Viro
576 2066 741 2147 salutatae,
771 2067 900 2154 magnis
932 2064 1086 2133 balatibus
1116 2068 1315 2138 salutationis

190 2175 405 2262 rependerunt
430 2175 636 2263 applausum3
664 2173 703 2240 de
731 2191 827 2239 cantu
860 2170 1047 2239 alaudarum
1071 2175 1103 2240 in
1128 2173 1207 2241 hora
1231 2194 1315 2243 tran·

191 2285 268 2348 situs
288 2282 387 2368 ipsius
411 2281 503 2372 (Mir.
530 2303 567 2368 31
591 2300 623 2348 et
640 2281 714 2367 32);
735 2299 766 2346 et
785 2301 894 2346 casum
913 2280 1021 2347 militis
1037 2282 1090 2368 qui
1108 2282 1221 2350 Celani
1238 2306 1313 2351 etun

192 2390 230 2458 ad
254 2388 423 2478 prandium
447 2390 637 2457 invitaverat
662 2388 751 2477 (Mir.
775 2386 846 2477 41).
893 2388 1000 2455 Aliam
1023 2390 1315 2477 particularitatem,

192 2497 271 2564 circa
290 2496 511 2567 infirmitatem
536 2498 642 2564 Sancti
668 2496 699 2563 in
724 2496 826 2562 reditu
847 2520 886 2561 ex
911 2496 1074 2583 Hispania,
1095 2516 1126 2564 et
1144 2499 1314 2586 quomodo

191 2603 391 2692 providentia
408 2606 466 2692 ipsi
482 2604 620 2672 occurrit
637 2605 669 2670 in
684 2605 746 2683 via,
766 2604 830 2669 iam
846 2604 879 2670 in
896 2621 984 2689 parte
999 2623 1077 2671 nota
1091 2604 1210 2672 fecerat
1224 2607 1314 2673 Liber

191 2711 228 2777 de
247 2711 385 2778 laudibus
406 2710 496 2800 (Mir.
518 2731 533 2797 3
559 2710 587 2800 )

259 2819 394 2885 Maximi
419 2837 526 2884 autern
548 2815 705 2883 momenti
724 2833 772 2880 est
792 2814 902 2881 relatio
919 2813 1076 2882 adventus
1092 2814 1245 2884 dominae
1266 2820 1315 2884 la·

191 2923 290 2991 aobae
314 2924 355 2991 de
378 2923 602 3010 Septemsoliis
627 2941 701 2987 ante
724 2921 875 2988 ultimum
900 2920 985 2987 diem
1011 2923 1119 2989 Sancti
1144 2925 1314 3005 Francisci,

190 3053 272 3119 quae
297 3054 432 3098 omnem
458 3031 703 3097 haesitationem
726 3027 811 3093 tollit
842 3047 873 3094 et
900 3050 1003 3117 genus
1032 3030 1147 3096 nobilis
1175 3029 1314 3098 feminae

191 3140 272 3205 clare
296 3136 490 3204 manifestat.
500 3136 534 3191 (²)

257 3246 315 3313 IV.
331 3246 379 3312 De
391 3245 575 3311 ordinatione
591 3242 725 3331 Capituli
737 3242 884 3329 generalis
899 3266 949 3307 aaz.
968 3245 1058 3309 1266.
1071 3281 1116 3290 —
1129 3246 1312 3332 Antequam

191 3352 230 3419 ad
246 3351 402 3439 opuscula
418 3351 565 3438 liturgica
582 3349 683 3416 fratris
696 3349 849 3416 Thomae
863 3347 1045 3428 deveniam,
1062 3352 1242 3415 necessario
1259 3350 1314 3416 ali·

190 3458 267 3548 quid
291 3458 465 3525 dicendum
489 3476 537 3524 est
555 3457 595 3524 de
619 3455 822 3523 ordinatione
843 3454 924 3521 facta
943 3455 976 3520 in
998 3455 1148 3543 Capitulo
1172 3458 1313 3544 generali

190 3566 317 3633 Parisiis
342 3564 501 3632 celebrato
524 3586 611 3631 anno
638 3567 732 3630 1266.

260 3725 301 3795 (r)
325 3725 551 3778 Dissertationem
572 3725 604 3777 de
625 3722 828 3777 authenticitate
847 3722 926 3775 huius
952 3722 1096 3775 Tractatus
1117 3739 1172 3774 non
1191 3722 1312 3777 instituo.

191 3814 271 3869 Clare
291 3828 319 3869 et
337 3813 446 3867 abunde
465 3811 514 3865 suit
533 3813 718 3866 demonstrata
738 3828 752 3865 a
772 3811 801 3864 P.
821 3812 880 3864 Van
899 3812 1002 3881 Ortroy
1022 3811 1048 3862 in
1069 3812 1195 3864 Arralactis
1214 3813 1313 3865 Bollan-

188 3904 277 3967 dr'anis,
296 3920 381 3975 quurn
402 3902 521 3972 primum
541 3901 595 3955 ltoc
615 3896 776 3972 opusculum
796 3900 892 3962 edidit;
912 3912 930 3953 t.
951 3899 1050 3963 XVllL
1072 3917 1115 3969 pp.
1135 3900 1165 3952 81
1189 3913 1216 3953 et
1231 3917 1266 3953 ss.

259 3996 299 4062 (2)
319 3992 415 4046 Mitac.
438 4004 532 4061 37-39.
548 4022 582 4030 -
598 3990 757 4043 «lohannes
777 3989 864 4059 Frigia
885 3990 1025 4051 Pennates,
1045 4000 1109 4041 tunc
1127 4007 1202 4058 puer,
1219 4003 1315 4060 postea

188 4083 377 4138 Romanorum
390 4081 537 4154 proconsul
551 4094 578 4135 et
587 4081 657 4134 sacri
670 4081 760 4151 palatii
770 4097 864 4132 comes
876 4101 899 4131 a.
926 4079 1001 4131 Haec
1012 4080 1094 4131 verba
1105 4096 1174 4149 quae
1185 4081 1213 4132 in
1224 4079 1314 4133 luceru

187 4171 327 4244 proferunt
340 4170 463 4225 nobilem
480 4170 607 4224 Iacobam
621 4168 704 4223 fuisse
718 4186 834 4223 uxorem
849 4168 971 4222 Gratiani
988 4170 1146 4239 Frangipani
1160 4183 1185 4222 et
1200 4183 1314 4222 matrem

187 4262 294 4315 loannis
314 4262 377 4313 heic
397 4260 540 4330 designati,
559 4258 626 4311 mihi
646 4258 752 4328 copiam
769 4256 891 4310 fecerunt
909 4257 1044 4310 scribendi
1063 4257 1223 4326 opusculum
1242 4260 1314 4311 circa

186 4363 310 4403 sanctam
332 4348 471 4402 francisci
488 4349 615 4411 amicam,
630 4367 643 4396 a
656 4347 735 4400 Frlra
749 4345 928 4416 lacquelr'nau.
948 4376 982 4384 —
1003 4344 1092 4399 Etades
1114 4345 1314 4411 Frarttiscar'nes,

185 4452 203 4493 t.
223 4439 258 4508 11,
278 4452 305 4493 et
326 4439 409 4492 etiarn
430 4436 555 4491 distincte
575 4437 687 4490 editum.

317 4580 339 4648 d
