3142 4875
623 330 729 380 nonar
756 329 942 381 ranucrscr
1269 324 1341 398 179

224 561 362 661 gallice
382 564 539 660 loquens
559 562 658 636 clara
675 588 770 636 voce
789 562 999 660 prophetat.
1057 562 1216 661 Semper
1243 562 1342 635 enim

225 695 312 741 cum
341 669 422 766 ipse
441 670 575 744 ardore
595 668 712 743 sancti
732 668 893 766 Spiritus
924 669 1138 767 repleretur,
1172 669 1343 743 ardentia

224 777 341 849 verba
356 775 444 849 foris
463 792 637 851 eructans
656 777 792 873 gallice
810 776 1041 874 loquebatur,
1064 803 1105 850 se
1125 776 1224 873 apud
1244 775 1342 849 illam

225 899 380 980 gentem
408 885 610 981 praecipue
637 883 897 957 honorandum
926 872 1187 981 piaenoscenS,
1218 899 1257 958 et
1284 908 1343 957 re-

174 1023 193 1087 5
225 991 393 1064 verentia
420 991 572 1089 speciali
596 991 805 1064 colendum.

649 1204 915 1214 .---ι

379 1386 455 1479 [De
481 1382 638 1457 cibariis
664 1384 830 1456 ostrotz‘m
856 1383 1065 1480 quaesitis]
1122 1381 1187 1454 IX.

312 1619 367 1686 14.
399 1596 459 1669 Ex
487 1621 562 1692 quo
591 1595 777 1669 communi
820 1594 987 1669 omnium
1015 1584 1182 1668 Domino
1219 1597 1343 1695 coepit

226 1704 367 1776 servire
395 1703 608 1777 communia
636 1702 758 1776 lacere
784 1727 934 1799 semper
962 1702 1109 1785 amavit,
1149 1701 1342 1800 singulari·

226 1827 341 1884 tatem
353 1810 574 1883 inomnibus
593 1809 751 1907 fugiens
765 1834 862 1905 quae
881 1807 1046 1882 omnium
1065 1810 1238 1882 vitiorum
1258 1807 1341 1884 labe
1432 1872 1434 1877 .

154 1947 196 1993 10
225 1918 418 1991 sordescit.
476 1917 573 1990 Nam
602 1941 686 1990 curn
715 1915 752 1988 in
780 1940 896 2012 opere
925 1915 1019 1989 illius
1056 1917 1256 1990 desudaret
1285 1942 1342 1990 ec-

225 2023 371 2107 clesiae,
395 2025 443 2097 de
461 2048 536 2121 qua
564 2023 780 2096 mandatum
810 2046 833 2095 a
861 2021 1012 2095 Christo
1039 2038 1265 2120 susceperat,
1294 2023 1341 2096 de

225 2130 387 2205 delicato
401 2131 553 2203 nimium
576 2129 836 2209 rusticanuset
854 2129 1000 2226 patiens
1020 2128 1156 2203 laboris
1175 2129 1339 2217 effectus,

226 2239 403 2312 sacerdos
421 2238 470 2311 ad
490 2262 601 2333 quem
630 2235 789 2310 ecclesia
815 2236 1037 2334 pertinebat,
1059 2261 1217 2311 cernens
1240 2236 1340 2310 illum

225 2345 375 2418 assidua
395 2343 614 2444 fatigatione
632 2344 809 2427 attritum,
832 2342 971 2440 pietate
990 2361 1183 2442 permotus
1201 2343 1341 2443 aliquid

157 2482 168 2529 r
179 2483 196 2547 5
226 2451 426 2552 singularis
444 2451 564 2525 victus
582 2451 668 2525 licet
688 2477 762 2524 non
783 2452 913 2548 sapidi,
935 2452 1023 2548 quia
1041 2477 1195 2550 pauper,
1217 2454 1341 2550 coepit

227 2560 259 2632 ei
279 2559 446 2657 quotidie
474 2558 693 2633 ministrare.
752 2557 826 2653 Qui
853 2557 1058 2632 sacerdotis
1077 2558 1339 2632 discretionem

227 2667 493 2741 commendans
521 2681 559 2738 et
586 2664 764 2762 pietatem
792 2665 1040 2764 amplectens:
1067 2666 1153 2739 Non
1174 2665 1341 2739 invenies

225 2774 458 2847 sacerdotem
501 2771 611 2845 istum
641 2773 789 2868 ubique,
820 2774 869 2845 ad
896 2774 1138 2871 semetipsum
1180 2772 1241 2858 ait,
1277 2773 1340 2870 qui

225 2906 374 2977 semper
401 2878 467 2951 tibi
496 2879 583 2952 talia
620 2879 885 2952 subministret.
942 2881 1028 2953 Non
1058 2897 1116 2952 est
1143 2881 1236 2953 haec
1264 2880 1341 2954 vita

152 3015 196 3062 20
225 2986 386 3059 hominis
413 3002 672 3084 paupertatem
706 2986 931 3083 profitentis;
977 3011 1050 3059 non
1092 2987 1246 3082 expedit
1273 2987 1339 3059 tibi

225 3119 441 3167 assuescere
469 3093 621 3176 talibus;
663 3091 841 3190 paulatim
868 3094 917 3166 ad
945 3109 1160 3190 contempta
1188 3094 1337 3178 redibis,

225 3201 358 3273 iterum
374 3200 422 3272 ad
436 3200 634 3296 delic[a]ta
647 3199 858 3298 perefflues.
907 3199 1063 3298 Surgle]
1083 3200 1155 3273 iam
1166 3199 1336 3298 impiger,

225 3325 263 3381 et
283 3307 445 3381 ostiatim
468 3308 675 3403 [pulmenta
690 3306 892 3380 commixta
906 3309 1088 3381 mendica.
1147 3307 1244 3380 Petit
1257 3333 1340 3403 pro-

224 3431 355 3511 pterea
382 3440 450 3511 per
476 3412 661 3487 Assisium
690 3412 866 3513 ostiatim]
900 3431 1007 3487 cocta
1043 3412 1191 3497 cibaria,
1223 3430 1260 3486 et
1288 3414 1339 3486 di·

152 3549 192 3615 25
223 3521 342 3595 versis
370 3521 517 3595 ferculis
545 3546 702 3593 cernens
728 3522 966 3618 parapsidem
994 3523 1155 3619 plenam,
1186 3521 1339 3595 horrore

224 3630 346 3726 primo
377 3626 630 3724 [con]cutitur,
670 3629 737 3700 sed
779 3627 853 3700 Dei
896 3654 1040 3702 memor
1067 3645 1105 3700 et
1133 3628 1188 3700 sui
1222 3627 1341 3702 victor

225 3735 315 3808 illud
344 3762 428 3809 cum
463 3734 612 3831 spiritus
648 3734 898 3809 delectatione
927 3735 1136 3808 manducat.
1203 3734 1341 3808 Omnia

224 3841 315 3915 lenit
342 3867 448 3916 amor
477 3858 514 3913 et
542 3867 653 3914 omne
681 3842 789 3914 dulce
819 3842 906 3915 lacit
932 3867 1111 3914 amarum.

299 4069 340 4122 17.
371 4054 398 4106 M
426 4070 476 4106 om.
507 4065 533 4105 et
560 4053 686 4123 pietatem
715 4053 883 4124 amplectens
957 4068 997 4104 22.
1028 4054 1051 4106 A
1080 4052 1178 4105 delicta
1202 4061 1224 4107 rt
1253 4053 1342 4123 Surgo

225 4148 320 4202 23-24.
340 4135 365 4187 A
385 4151 433 4187 om.
453 4132 590 4204 pulmenta
603 4135 748 4187 ·ostiatim
823 4133 864 4186 26.
885 4136 908 4186 A
929 4134 1073 4204 percutitur
