3142 4875
248 374 323 459 364
553 393 760 441 reserares
789 394 836 441 ne
865 394 1058 442 iirvacvnts

543 503 624 509 .--—-.-
1120 502 1368 510 -—-——-——-—-

245 644 397 701 sanctus
418 628 631 699 infirmitate
661 626 722 699 illa
749 628 1003 708 decumberet,
1035 651 1131 723 quae
1160 625 1261 698 omni
1290 627 1368 698 lan·

245 760 365 831 guore
387 734 575 816 concluso
598 733 742 806 felicem
765 760 913 806 cursum
928 733 1031 806 exitu
1047 733 1262 806 beatissimo
1277 758 1369 805 con-

245 840 454 924 summavit,
477 841 606 938 paucis
625 859 712 913 ante
735 859 891 913 mortem
920 840 1053 913 diebus
1083 839 1198 911 voluit
1218 840 1366 912 mittere

247 974 314 1045 pro
343 949 495 1021 domina
530 949 666 1021 lacoba
701 947 873 1030 Romam,
906 965 944 1018 ut
972 946 1002 1018 si
1032 972 1118 1019 eum
1147 971 1259 1043 quem
1288 963 1365 1018 tarn

245 1055 420 1127 ardenter
448 1055 630 1127 dilexerat
650 1055 829 1136 exsulem,
853 1055 925 1125 iam
955 1054 1003 1126 ad
1031 1054 1189 1149 patriam
1209 1054 1366 1125 redeun·
1398 1084 1414 1147 5

245 1181 321 1233 tem
350 1187 504 1234 cernere
533 1161 654 1243 vellet,
688 1161 821 1234 festina
854 1159 1100 1233 sollicitudine
1133 1179 1362 1257 properaret.

245 1268 425 1340 Scribitur
444 1269 576 1352 littera,
598 1268 789 1364 quaeritur
809 1268 959 1340 nuntius
978 1267 1198 1363 pernicitate
1217 1265 1361 1363 vigens

245 1392 283 1447 et
312 1377 483 1447 inventus
510 1376 558 1448 ad
588 1375 657 1446 iter
685 1374 925 1471 succingitur.
985 1374 1193 1445 Confestim
1212 1373 1261 1447 ad
1282 1399 1364 1469 por·

245 1498 319 1553 tam
336 1507 451 1554 sonus
466 1482 613 1554 auditur
628 1507 822 1578 equorum,
837 1480 992 1553 militum
1007 1480 1195 1576 strepitus,
1214 1481 1363 1553 celebri-

246 1606 303 1660 tas
324 1590 531 1660 comitivae.
590 1589 803 1661 Procedens
824 1613 918 1659 unus
938 1586 1124 1659 sociorum
1144 1588 1192 1660 ad
1213 1586 1361 1670 ostium,
1400 1617 1440 1663 ιο

245 1695 304 1767 ille
325 1694 386 1791 qui
409 1696 577 1767 nuntium
599 1696 815 1772 instruebat,
847 1720 960 1791 quam
989 1696 1183 1767 absentem
1211 1719 1364 1789 quaere-

244 1803 308 1873 bat
335 1820 572 1898 praesentem
601 1802 752 1874 invenit.
811 1801 932 1873 Totus
969 1800 1004 1872 in
1039 1799 1286 1873 admiratione
1314 1802 1364 1872 fa-

244 1925 334 1990 ctus,
367 1908 542 1980 citissime
571 1906 757 1981 currit'ad
788 1925 968 1991 sanetum,
991 1924 1028 1979 et
1057 1932 1130 1979 non
1151 1932 1193 1978 se
1212 1907 1365 2002 capiens

244 2040 333 2111 prae
361 2016 512 2112 gaudio,
545 2015 655 2087 dixit:
688 2015 794 2087 Bona
812 2016 889 2098 tibi,
913 2031 1029 2111 pater,
1053 2040 1150 2086 nova
1169 2013 1361 2086 denuntio.

245 2122 315 2193 Cui
331 2123 500 2218 protinus
518 2138 669 2194 sanctus
684 2122 847 2217 anticipa
863 2120 1097 2194 festinatione
1116 2121 1361 2216 respondens:
1400 2152 1437 2216 15

245 2229 478 2306 Benedictus.
503 2229 770 2324 inquit,>Deus,
796 2227 857 2325 qui
885 2228 1074 2301 dominam
1095 2228 1266 2300 lacobam
1296 2229 1364 2300 lra-

244 2353 338 2407 trem
369 2355 534 2407 nostrum
561 2335 697 2408 direxit
725 2337 773 2408 ad
804 2361 882 2407 nos.
939 2334 1106 2431 Aperite,
1138 2334 1199 2416 ait,
1222 2351 1361 2431 portas

244 2459 282 2514 et
303 2443 509 2516 intrantem
539 2469 621 2516 eam
652 2444 861 2524 conducite,
880 2444 966 2538 quia
996 2469 1070 2515 non
1091 2458 1148 2515 est
1167 2467 1235 2538 pro
1251 2443 1363 2515 fratre

246 2549 380 2622 lacoba
408 2552 599 2622 decretum
630 2552 678 2622 de
709 2551 925 2624 mulieribus
953 2550 1240 2622 observandum.

327 2658 386 2748 38.
420 2658 478 2728 Fit
507 2659 603 2729 inter
633 2658 775 2730 nobiles
795 2658 962 2753 hospites
990 2657 1190 2729 exsultatio
1211 2681 1361 2752 magna,
1396 2683 1438 2730 20

244 2782 281 2833 et
302 2762 397 2835 inter
418 2763 616 2837 blanditias
637 2762 787 2861 spiritus
816 2764 981 2860 prolusio
1010 2762 1256 2839 lacrimarum.
1315 2762 1365 2834 Et

245 2885 284 2941 ut
300 2870 349 2941 nil
369 2870 465 2942 desit
485 2872 672 2947 miraculo,
692 2870 877 2943 invenitur
894 2868 1024 2942 mulier
1042 2885 1172 2942 sancta
1191 2886 1364 2967 portasse

243 2977 424 3072 quidquid
454 2978 500 3048 ad
530 2978 646 3074 patris
675 2977 901 3073 portandum
921 2978 1122 3073 exsequias
1146 2976 1243 3049 lacta
1261 2976 1364 3073 prius

245 3082 365 3154 littera
381 3084 607 3157 continebat.
667 3086 764 3158 Nam
785 3084 922 3156 cinerei
939 3083 1073 3157 coloris
1092 3107 1268 3179 pannum,
1288 3108 1364 3179 quo

245 3189 454 3262 recedentis
474 3192 733 3287 corpusculum
754 3207 956 3288 tegeretur,
975 3214 1105 3264 cereos
1119 3215 1271 3286 quoque
1285 3190 1362 3286 plu·
1394 3217 1413 3262 2
1420 3221 1434 3282 5

244 3295 366 3377 rimos,
390 3297 585 3369 sindonem
620 3323 688 3394 pro
722 3298 825 3378 facie,
852 3297 1043 3394 pulvillum
1073 3321 1141 3393 pro
1170 3296 1302 3392 capite,
1324 3313 1363 3369 et

243 3404 422 3476 ferculum
451 3405 641 3500 quoddam
671 3405 772 3500 quod
803 3421 953 3477 sanctus
981 3404 1189 3500 appetierat
1218 3402 1359 3485 detulit,

245 3528 282 3582 et
301 3510 425 3582 omnia
455 3537 551 3607 quae
575 3511 641 3583 viri
672 3512 780 3583 huius
809 3528 1003 3607 optaverat
1022 3510 1183 3607 spiritus,
1205 3535 1362 3607 sugges-

244 3635 342 3690 serat
373 3618 487 3689 Deus.
547 3619 757 3715 Prosequar
776 3634 900 3690 certae
922 3617 1030 3690 huius
1049 3615 1363 3715 peregrinationis

243 3742 429 3801 eventum.
462 3751 508 3797 ne
538 3726 618 3798 sine
638 3724 894 3798 consolatione
914 3723 1096 3797 dimittam
1118 3722 1279 3797 nobilem
1300 3750 1362 3820 pe·
1394 3753 1436 3818 30

243 3832 442 3927 regrinam.
502 3832 707 3927 Exspectat
726 3831 895 3927 gentium
918 3832 1123 3913 multitudo,
1143 3831 1361 3915 praesertim

244 3939 344 4010 urbis
373 3938 553 4034 populosa
584 3939 745 4020 devotio,
778 3938 814 4010 in
843 3939 946 4010 brevi
976 3939 1137 4010 futurum
1167 3936 1283 4010 sancti
1314 3937 1363 4011 de

244 4060 362 4116 morte
393 4044 563 4117 natalem.
622 4046 698 4118 Sed
738 4070 915 4117 romanae
952 4043 1162 4118 devotionis
1196 4046 1360 4116 adventu

242 4168 393 4223 sanctus
409 4153 537 4223 sortior
553 4154 681 4237 lactus,
700 4151 909 4249 plusculum
925 4151 1139 4249 auspicatur
1158 4151 1236 4223 fore
1247 4148 1360 4222 victu·

243 4282 315 4327 rus.
362 4257 470 4329 Unde
491 4276 528 4330 et
548 4259 699 4332 domina
715 4259 775 4332 illa
795 4258 985 4331 licentiare
1000 4257 1166 4331 decrevit
1180 4258 1361 4353 reliquam
1394 4286 1410 4350 3
1417 4286 1434 4348 5

244 4361 467 4447 comitivam,
490 4364 568 4436 sola
588 4367 667 4462 ipsa
688 4393 771 4439 cum
795 4364 876 4437 filiis
896 4383 934 4436 et
957 4366 1086 4462 paucis
1106 4363 1289 4437 scutiferis
1307 4389 1361 4436 re-

245 4490 427 4539 mansura.
488 4471 555 4541 Cui
587 4492 757 4544 sanctus:
789 4472 885 4551 Noli,
917 4472 1044 4567 inquit,
1082 4471 1148 4544 sed
1176 4496 1251 4568 ego
1279 4472 1362 4544 sab·
