3142 4875
247 337 298 422 46
649 355 819 404 cebenna
847 356 958 403 Parim

244 592 348 689 quod
368 591 531 664 habebat
551 591 586 663 in
610 590 791 664 manibus.
851 589 1069 686 Apostolica
1090 588 1126 661 in
1147 615 1194 662 eo
1214 588 1369 687 vigebat

244 700 458 782 auctoritas
491 716 528 770 et
557 698 642 771 ideo
662 698 816 795 regibus
835 713 873 769 et
892 695 1122 793 principibus
1142 696 1284 769 adulari
1305 722 1369 793 pe-

246 806 345 879 nitus
374 806 581 879 recusabat.
639 805 767 877 Dabat
794 829 945 900 semper
962 819 1116 876 sanctae
1141 802 1367 900 simplicitati

244 937 411 1009 operam,
444 937 512 985 nec
541 912 687 984 sinebat
715 910 838 984 locum
867 926 1070 1007 angustum
1095 911 1219 983 cordis
1248 910 1365 982 latitu-

246 1020 374 1093 dinem
403 1018 594 1115 impedire.
1399 1045 1417 1109 5

329 1150 391 1216 44³
456 1125 652 1198 Scribebat
688 1143 888 1221 propterea
927 1122 1076 1196 nomina
1113 1125 1267 1197 fratrum
1300 1150 1368 1220 per

247 1233 355 1330 tigna
391 1231 578 1318 domicilii,
616 1247 655 1304 ut
689 1231 955 1328 unusquisque,
987 1256 1095 1303 orare
1137 1229 1267 1304 volens
1302 1249 1368 1303 aut

247 1339 452 1436 quiescere,
484 1357 774 1436 recognosceret
794 1339 916 1411 locum
937 1362 1055 1421 suum,
1080 1352 1182 1410 etue
1203 1354 1365 1434 angusta

248 1446 319 1519 loci
350 1445 544 1519 modicitas
574 1445 708 1517 mentis
736 1444 924 1518 silentium
961 1444 1205 1541 perturbaret.
1277 1446 1366 1516 Pro-

241 1555 421 1653 prietutz's
446 1552 606 1624 abz‘ectz’o.
667 1551 841 1648 Cumque
869 1552 1008 1623 ibidem
1034 1567 1276 1634 morarentur,
1308 1576 1367 1624 ac·
1404 1577 1442 1622 ιο

249 1660 338 1732 cidit
358 1676 397 1731 ut
417 1658 477 1731 die
498 1660 659 1754 quadam
680 1659 831 1754 quidam
847 1659 991 1731 asinum
1013 1659 1154 1729 ducens
1174 1657 1368 1730 deveniret

249 1769 295 1839 ad
313 1765 578 1840 umbraculum.
597 1764 634 1837 in
655 1790 729 1861 quo
747 1766 800 1836 vir
815 1765 887 1838 Dei
904 1790 988 1836 cum
1009 1764 1118 1837 sociis
1134 1766 1365 1849 morabatur;

247 1890 287 1946 et
308 1898 353 1945 ne
375 1888 564 1967 pateretur
583 1872 780 1967 repulsam,
803 1872 1007 1946 adhortans
1025 1871 1171 1944 asinum
1184 1897 1299 1954 *suum
1320 1872 1367 1944 ad

250 1980 547 2078 ingrediendum,
579 1979 725 2051 locutus
753 1996 811 2050 est
829 1980 984 2051 verbum
1015 1979 1104 2050 hoc:
1127 1978 1234 2051 Vade
1257 1979 1364 2061 intus,

248 2087 337 2184 quia
356 2085 441 2158 huic
460 2086 543 2159 loco
563 2084 850 2159 benefaciemus
909 2085 1023 2181 Quod
1042 2087 1197 2158 verbum
1217 2101 1369 2158 sanctus
1402 2114 1440 2178 15

250 2193 470 2266 Franciscus
498 2192 655 2264 audiens
683 2193 848 2290 graviter
875 2192 966 2276 tulit,
1005 2191 1101 2264 illius
1129 2192 1197 2264 viri
1230 2216 1369 2289 cogno-

248 2326 359 2373 scens
387 2298 643 2372 intentionem.
701 2300 861 2372 Putabat
889 2300 988 2371 enim
1018 2297 1077 2371 ille
1106 2299 1207 2395 ipsos
1231 2298 1368 2371 ibidem

253 2405 386 2479 morari
401 2405 496 2479 velle
512 2407 559 2480 ad
579 2406 796 2503 augendum
812 2405 945 2490 locum,
964 2422 1001 2480 et
1017 2423 1057 2478 ut
1072 2407 1224 2478 domum
1241 2405 1368 2478 domui

249 2514 478 2609 copularent.
528 2512 736 2609 Statimque
757 2530 908 2585 sanctus
928 2515 1149 2586 Franciscus
1169 2514 1369 2611 egrediens

146 2674 148 2679 ,
249 2620 358 2702 inde.¹
372 2619 498 2692 relicto
513 2621 664 2717 tugurio
681 2620 741 2692 illo
757 2638 911 2716 propter
925 2621 1050 2692 rustici
1067 2622 1232 2703 verbum,
1250 2639 1368 2692 trans·
1399 2648 1442 2693 20

249 2728 332 2800 tulit
360 2752 400 2799 se
429 2727 478 2799 ad
506 2726 628 2799 locum
657 2727 769 2800 alium
799 2752 873 2799 non
903 2727 1016 2824 longe
1036 2728 1084 2799 ab
1103 2725 1175 2809 illo,
1198 2726 1259 2823 qui
1281 2729 1370 2798 Por·

249 2833 414 2906 tiuncula
442 2833 584 2917 dicitur,
618 2834 689 2918 ubi,
713 2833 808 2906 sicut
827 2859 939 2930 supra
959 2834 1099 2906 dictum
1122 2850 1188 2915 est,
1212 2832 1370 2907 ecclesia

250 2941 410 3014 Sanctae
449 2940 591 3014 Mariae
620 2942 668 3013 ab
697 2941 779 3037 ipso
817 2940 879 3014 diu
914 2958 1001 3013 ante
1037 2942 1157 3013 luerat
1186 2955 1367 3036 reparata.

250 3048 350 3121 Nihil
379 3047 528 3120 volebat
558 3047 795 3144 proprietatis
824 3047 972 3130 habere,
1005 3063 1044 3118 ut
1082 3047 1206 3119 omnia
1243 3064 1371 3143 posset

251 3156 287 3226 in
317 3154 483 3227 Domino
512 3153 657 3250 plenius
685 3154 889 3251 possidere.
1401 3181 1440 3244 25

325 3387 347 3437 3.
370 3371 411 3425 Ox
426 3388 475 3423 om.
491 3388 599 3441 semper
652 3372 774 3440 sauctae]
791 3371 838 3424 AS
851 3372 877 3423 in
895 3388 923 3423 se
1007 3371 1032 3424 6.
1051 3372 1095 3425 AS
1114 3370 1222 3424 Sciebat
1237 3384 1371 3441 praeterea

244 3467 275 3521 ·7.
288 3450 422 3521 AStigna
435 3463 461 3504 et
474 3451 642 3505 domicilium
717 3453 740 3504 8.
756 3452 791 3505 Os
804 3451 1016 3520 recognoscebat
1062 3452 1225 3520 Mangustla
1301 3452 1372 3506 10.R

251 3544 402 3584 moraretur
482 3547 522 3585 11.
543 3532 577 3587 Os
597 3532 735 3585 adveniret
812 3548 850 3601 13·
872 3531 907 3585 Os
925 3531 1083 3584 adhortatus
1168 3546 1208 3596 14.
1227 3532 1275 3585 AS
1292 3533 1373 3584 verba

251 3612 319 3665 haec
396 3610 606 3678 15.Pom.loco
683 3609 998 3665 16.Rom.Franciscus
1075 3610 1210 3680 16-17.H
1221 3628 1374 3681 agnoscens

252 3708 292 3744 20.
313 3692 418 3745 Oxum.
435 3691 497 3744 inde
571 3706 612 3744 22.
628 3692 737 3760 dicitur]
755 3693 783 3743 ll
800 3691 946 3744 vocabatur
1019 3705 1061 3759 23.
1078 3691 1125 3745 AS
1139 3692 1170 3743 ab
1188 3692 1235 3743 illo
1252 3706 1313 3745 ante
1328 3692 1373 3744 diu

250 3772 280 3824 H
298 3785 392 3832 antea,·
413 3772 501 3824 Pom.
575 3786 617 3836 24.
639 3773 659 3825 R
678 3789 728 3824 oui.
747 3772 839 3823 omnia
914 3785 955 3838 25.
976 3771 1008 3823 M
1023 3788 1073 3824 om.
1092 3771 1199 3841 plenius,
