3142 4875
585 361 690 410 ΒΕΑΤΙ
718 361 903 410 FRANCISCI

526 715 595 787 De
630 715 964 788 detractione.

192 922 392 1020 [Quomodo
420 921 558 993 volebat
583 922 800 994 detractores
818 921 996 1020 puniri}
1056 919 1305 993 CXXXVIII.

276 1164 357 1233 182.
381 1160 546 1233 Demum
567 1184 650 1232 cum
670 1160 817 1232 animus
837 1160 1016 1232 charitate
1037 1161 1202 1256 repletus
1221 1159 1307 1231 Deo

189 1267 347 1342 odibiles
384 1266 496 1349 odiat,
536 1266 688 1364 vigebat
725 1266 823 1339 istud
860 1265 896 1337 in
930 1283 1061 1339 sancto
1094 1265 1304 1339 Francisc0.

141 1396 159 1460 5
189 1376 432 1449 Detractores
448 1371 585 1470 quippe
602 1399 714 1470 super
732 1374 832 1446 aliud
852 1372 1069 1448 vitiosorum
1089 1399 1211 1470 genus
1226 1373 1308 1445 hor-

190 1480 342 1556 ribiliter
369 1506 579 1563 exsecrans
601 1506 789 1553 venenum
815 1480 851 1552 in
880 1480 1009 1578 lingua
1039 1481 1134 1553 Ierre
1163 1505 1228 1553 eos
1257 1479 1308 1551 di·

131 1635 134 1640 ·
191 1586 823 1684 cebat,ali0squevenenoinlicere.
869 1587 1035 1683 Ideoque
1047 1586 1305 1685 rumigerulos

191 1695 407 1794 pulicesque
428 1695 633 1778 mordaces
660 1694 689 1765 si
710 1693 863 1789 quando
883 1692 1134 1789 loquerentur,
1155 1694 1307 1777 vitabat,

191 1802 459 1898 avertebatque
474 1819 585 1898 prout
604 1799 763 1872 vidimus
778 1825 897 1882 aures,
917 1825 964 1873 ne
980 1801 1041 1873 tali
1057 1802 1310 1898 polluerentur

124 1925 164 1973 10
192 1909 332 1982 auditu.
389 1907 560 1981 Audiens
590 1933 751 2004 namque
784 1905 900 1980 semel
930 1912 1129 2003 quemdam
1160 1908 1309 1979 fratrem

194 2019 330 2089 lamam
359 2014 510 2088 alterius
530 2015 740 2111 denigrare,
763 2039 966 2087 conversus
994 2014 1043 2086 ad
1071 2015 1221 2086 fratrem
1241 2014 1311 2086 Pe·

193 2143 289 2195 trum
322 2121 495 2194 Cathanii
524 2121 701 2193 vicarium
738 2146 856 2203 suurn,
892 2120 1054 2193 terribile
1091 2120 1161 2192 hoc
1191 2118 1312 2192 intulit

192 2231 368 2302 verbum:
400 2229 543 2301 Instant
571 2227 741 2325 religioni
771 2227 993 2311 discrimina,
1027 2227 1094 2298 nisi
1128 2228 1311 2300 detracto-

195 2338 296 2410 ribus
330 2335 510 2408 obvietur.
583 2334 668 2406 Cito
706 2333 905 2407 multorum
940 2333 1181 2407 suavissimus
1218 2333 1312 2405 odor

125 2460 163 2524 15
195 2443 358 2526 foetebit,
394 2442 463 2515 nisi
501 2442 725 2515 foetidorum
767 2467 834 2515 ora
875 2440 1105 2515 claudantur.
1176 2441 1308 2539 Surge,

194 2578 317 2649 surge,
341 2548 485 2622 discute
503 2546 713 2647 diligenter,
735 2568 773 2622 et
793 2550 822 2621 si
842 2564 1057 2622 accusatum
1079 2550 1228 2621 fratrem
1257 2573 1311 2620 re-

194 2657 368 2756 per[eris]
401 2658 649 2739 innocentem,
680 2673 919 2730 accusantem
953 2655 1046 2729 dura
1081 2655 1312 2728 correctione

195 2765 338 2839 cunctis
373 2763 488 2835 redde
527 2762 739 2836 notabilem.
812 2762 951 2847 Trude,
991 2761 1120 2859 inquit,
1150 2788 1236 2835 eum
1275 2763 1311 2833 in

196 2898 327 2945 manus
342 2869 481 2969 pugilis
495 2870 710 2953 Florentini,
728 2871 758 2942 si
775 2887 813 2942 tu
830 2870 909 2967 ipse
929 2869 1059 2967 punire
1077 2894 1150 2942 non
1160 2870 1311 2966 poteris.

125 2992 167 3039 20
200 2980 382 3078 [Fratrem
413 2994 537 3049 autern
567 2977 744 3049 Ioannem
773 2979 821 3049 de
855 2976 1054 3060 Florentia,
1085 2977 1205 3049 virum
1235 3003 1314 3049 ma-

196 3112 313 3185 gnum
341 3099 494 3168 statura,
515 3083 722 3180 viriumque
752 3108 984 3181 magnarum,
1003 3083 1168 3182 pugilem
1189 3085 1314 3180 appel-

196 3194 324 3288 labat].
383 3190 538 3263 Summa
564 3191 660 3274 volo,
687 3190 850 3289 [inquit],
872 3191 1107 3287 providentia
1135 3216 1253 3274 cures,
1276 3208 1314 3262 tu

196 3317 234 3373 et
261 3324 393 3372 omnes
421 3295 587 3380 ministri,
611 3322 658 3369 ne
686 3298 840 3394 pestifer
869 3298 937 3370 iste
968 3300 1119 3371 morbus
1145 3297 1255 3370 Iatius
1275 3324 1314 3369 se

196 3406 388 3479 diffundat.
446 3405 738 3499 Nonnumquam
755 3430 845 3477 vero
860 3430 945 3476 eum
961 3405 1024 3500 qui
1036 3406 1186 3477 lratrem
1207 3432 1315 3476 suum

128 3526 167 3591 25
197 3514 316 3586 lamae
346 3510 466 3610 gloria
495 3510 682 3607 spoliaret,
704 3510 893 3584 iudicabat
921 3512 1046 3584 tunica
1065 3510 1313 3608 spoliandum,

162 3652 165 3658 ¹
198 3645 265 3692 nec
284 3619 333 3692 ad
361 3620 487 3691 Deum
517 3615 645 3689 oculos
673 3643 785 3714 posse
814 3617 949 3701 levare,
981 3619 1050 3691 nisi
1083 3618 1184 3715 prius
1213 3619 1315 3713 quod

197 3725 400 3799 abstulerat
436 3724 621 3801 redderet.
691 3724 790 3797 Hinc
825 3741 883 3797 est
918 3726 1018 3821 quod
1057 3725 1188 3797 fratres
1221 3723 1317 3797 illius

197 3832 376 3930 temporis
392 3832 462 3905 hoc
477 3830 606 3903 vitium
622 3831 727 3929 quasi
742 3831 953 3928 specialiter
969 3832 1192 3914 abiurantes,
1212 3831 1317 3903 firma

198 3965 324 4012 secum
339 3937 532 4012 sanctione
548 3953 764 4021 statuerant,
779 3938 960 4035 quidquid
976 3938 1131 4011 aliorum
1146 3938 1314 4033 honor[i]

273 4272 329 4312 1-2.
346 4258 376 4310 M
392 4256 589 4310 detractatione
609 4268 635 4308 ct
654 4256 792 4326 quomodo
838 4254 1077 4325 9.ttp011ueretur
1125 4254 1218 4322 16-17.
1234 4257 1259 4309 A
1277 4273 1314 4308 re-

199 4336 283 4405 peries
332 4351 428 4391 20·22.
447 4336 472 4389 A
492 4353 541 4388 om.
562 4334 872 4406 Fratrem-appellabat
922 4335 1168 4407 22.Aom.inquit
1218 4338 1317 4405 ltpro-

199 4415 288 4468 dentia
349 4432 391 4484 25·
413 4416 441 4468 M
460 4415 616 4485 spoliandus
678 4417 753 4484 apl<
773 4426 923 4468 statuerunt
959 4415 984 4467 Α
1005 4414 1136 4468 honorem

275 4556 312 4595 20
