3142 4875
627 355 731 403 enarr
759 354 945 404 runucrscr
1269 352 1344 422 359

226 587 430 660 verentiam
451 586 569 660 sancti
591 587 740 660 nutrire.
791 588 893 681 Quid
916 587 1047 683 plura?
1095 588 1240 660 Detulit
1259 614 1344 660 eum

226 719 352 767 secum
381 695 429 766 ad
457 695 622 766 domum.
680 693 756 766 Sed
785 693 955 767 iniuriam
984 720 1117 790 passus
1140 693 1346 767 disiunctus

227 801 410 873 lascianus
437 826 460 872 a
488 817 629 880 sancto,
661 802 782 873 donec
811 801 890 873 sine
920 802 1000 873 eius
1026 801 1237 897 praesentia
1267 801 1343 884 suit,

226 908 451 981 manducare
479 908 628 1005 penitus
664 906 790 980 noluit.
863 908 1158 1004 Obstupefactus
1186 924 1244 981 est
1274 932 1346 979 me-

179 1046 193 1108 ς
225 1015 339 1098 dicus
371 1029 409 1087 et
446 1015 494 1086 ad
523 1032 693 1087 sanctum
735 1015 860 1086 statim
891 1014 1093 1087 lascianum
1137 1032 1343 1111 reportans,

226 1147 322 1217 quae
350 1121 565 1193 acciderant
589 1146 657 1219 per
677 1123 846 1193 ordinem
867 1138 1002 1194 cuncta
1022 1121 1195 1195 narravit.
1253 1122 1346 1192 Mox

227 1243 266 1299 ut
294 1228 329 1299 in
359 1243 457 1300 terra
485 1227 629 1324 positus
657 1243 802 1325 patrem
824 1254 932 1300 suum
961 1228 1147 1301 lascianus
1170 1228 1341 1325 inspexit,

225 1336 389 1431 proiecta
418 1334 575 1418 tristitia,
608 1334 835 1406 manducare
863 1360 947 1406 cum
977 1335 1116 1432 gaudio
1145 1335 1279 1431 coepit.

309 1462 367 1532 27.
399 1441 506 1514 luxta
535 1442 704 1515 cellulam
740 1442 857 1513 sancti
887 1441 960 1514 Dei
997 1442 1098 1538 apud
1132 1442 1345 1514 Portiuncu·

163 1576 198 1622 ιο
226 1550 309 1632 lam,
332 1573 444 1645 super
463 1548 573 1620 licum
594 1548 722 1620 cicada
744 1547 911 1620 residens
932 1566 1112 1621 consueta
1131 1549 1347 1645 frequenter

226 1655 409 1727 suavitate
429 1656 596 1727 canebat.
655 1654 718 1726 Ad
747 1680 859 1751 quam
885 1657 1113 1752 quandoque
1134 1657 1265 1727 beatus
1285 1681 1347 1751 pa-

225 1777 282 1833 ter
302 1786 452 1834 manum
475 1763 693 1844 extendens,
712 1762 760 1834 ad
783 1787 825 1835 se
848 1762 1012 1859 benigne
1030 1762 1179 1834 vocavit
1198 1761 1343 1834 dicens:

225 1868 341 1939 Soror
360 1893 444 1940 mea
463 1868 600 1948 cicada,
624 1866 708 1939 veni
733 1869 780 1940 ad
802 1894 872 1941 me.
932 1870 1051 1963 Quae,
1072 1867 1174 1941 velut
1194 1868 1347 1940 rationis

226 2000 391 2071 compos
408 1974 533 2048 statim
562 1999 674 2071 super
704 1999 854 2047 manum
883 1975 963 2048 eius
991 1975 1170 2048 ascendit.
1229 1975 1278 2046 Et
1296 1974 1348 2047 ait

159 2110 194 2172 15
224 2083 272 2154 ad
299 2106 403 2153 eam:
426 2081 557 2163 Canta,
588 2106 694 2152 soror
723 2081 861 2166 cicada,
893 2099 931 2155 et
959 2083 1164 2155 Dominum
1195 2081 1347 2154 Creato-

225 2214 302 2261 rem
323 2204 388 2260 tuo
408 2187 522 2260 iubilo
542 2189 662 2261 lauda.
723 2188 832 2281 Quae
852 2188 931 2261 sine
954 2215 1058 2262 mora
1087 2189 1269 2260 obediens
1290 2212 1346 2259 ca-

227 2321 314 2368 nere
335 2295 468 2391 coepit,
491 2311 528 2366 et
547 2294 688 2366 tamdiu
710 2320 845 2367 canere
867 2321 939 2367 non
965 2294 1133 2379 cessavit,
1156 2296 1277 2368 donec
1294 2295 1348 2367 vir

227 2402 310 2487 Dei,
340 2401 420 2475 eius
449 2401 619 2474 cantibus
647 2427 752 2475 suam
785 2400 933 2476 laudem
968 2402 1202 2482 interserens,
1230 2420 1272 2475 ut
1298 2399 1347 2475 ad

226 2509 373 2582 solitum
391 2508 574 2582 revolaret
588 2509 709 2581 locum
727 2509 761 2581 ei
777 2509 977 2582 mandavit.
1018 2511 1058 2582 ln
1078 2535 1154 2606 quo
1173 2535 1241 2607 per
1260 2524 1346 2581 octo

157 2643 197 2690 20
226 2617 305 2688 dies
335 2616 510 2688 continue
533 2616 639 2712 quasi
669 2616 784 2713 ligata
803 2616 1018 2712 permansit.
1076 2617 1237 2689 Sanctus
1256 2611 1346 2688 vero

226 2748 309 2794 cum
330 2722 586 2796 descendebat
604 2723 653 2794 dc
681 2722 785 2804 cella,
807 2748 890 2795 eam
910 2748 1059 2820 semper
1079 2724 1251 2796 manibus
1270 2738 1347 2796 tan·

226 2855 321 2926 gens
336 2846 486 2902 cantare
503 2829 664 2913 iubebat,
683 2829 787 2901 cuius
808 2829 1031 2903 iussionibus
1046 2857 1179 2927 parere
1198 2854 1349 2927 semper

225 2954 305 3009 erat
324 2936 490 3009 sollicita.
549 2935 598 3007 Et
617 2936 668 3008 ait
688 2952 840 3009 sanctus
859 2936 907 3010 ad
927 2938 1050 3011 socios
1069 2964 1177 3010 suos:
1201 2938 1348 3009 Demus

226 3043 298 3116 iam
327 3043 515 3116 licentiam
540 3043 656 3114 sorori
678 3059 828 3115 nostrae
848 3044 1009 3129 cicadae,
1033 3071 1130 3141 quae
1149 3046 1239 3117 satis
1262 3045 1347 3115 huc-

157 3181 193 3246 25
228 3175 344 3246 usque
381 3175 449 3222 sua
484 3149 593 3222 laude
628 3150 747 3222 laetos
785 3175 853 3222 nos
893 3150 989 3235 lecit,
1023 3177 1068 3224 ne
1105 3177 1191 3224 caro
1220 3167 1348 3222 nostra

226 3282 320 3328 vane
349 3282 417 3353 pro
441 3255 653 3328 huiusmodi
683 3257 873 3354 glorietur.
932 3258 981 3329 Et
1009 3259 1133 3331 statim
1163 3259 1210 3329 ab
1239 3282 1285 3328 eo
1309 3254 1347 3328 li·

226 3364 387 3437 centiata
421 3364 584 3445 recessit,
618 3389 687 3435 nec
723 3361 818 3435 ultra
851 3363 989 3437 ibidem
1017 3365 1200 3463 apparuit.
1260 3363 1347 3435 Cer-

227 3486 359 3543 nentes
374 3471 467 3543 haec
483 3471 609 3542 omnia
626 3471 757 3542 fratres
777 3470 1043 3568 perplurimum
1059 3470 1232 3543 admirati
1248 3485 1344 3540 sunt.

309 3578 367 3648 28.
387 3578 427 3650 ln
442 3602 531 3649 vase
547 3578 709 3673 quodam
726 3593 859 3660 terreo
883 3577 938 3650 vir
956 3595 1107 3650 sanctus
1128 3578 1163 3648 in
1184 3576 1345 3672 quodam

155 3718 195 3783 30
226 3709 391 3780 paupere
420 3684 503 3756 loco
531 3709 690 3766 morans,
713 3685 885 3766 bibebat;
916 3686 951 3756 in
982 3710 1057 3781 quo
1087 3700 1172 3780 post
1197 3684 1277 3755 eius
1296 3683 1346 3753 di·

226 3815 391 3862 scessum
411 3816 503 3886 apes
522 3807 601 3863 arte
621 3791 777 3893 mirabili
800 3791 968 3863 favorum
989 3790 1140 3863 cellulas
1153 3790 1345 3871 fabricant,

226 3895 389 3969 divinam
420 3897 773 3994 contemplationem
804 3923 916 3993 quam
955 3898 1004 3970 ibi
1033 3898 1209 3970 hauserat
1239 3897 1348 3968 mira-

226 4002 349 4075 biliter
377 4003 594 4077 indicantes

311 4134 368 4200 29·
387 4110 505 4184 Vivus
524 4127 563 4184 et
583 4111 730 4208 integer
750 4111 851 4206 apud
871 4111 1072 4185 Graecium
1088 4128 1220 4185 sancto
1235 4111 1348 4183 Fran-

157 4253 194 4317 35
226 4215 325 4287 cisco
355 4217 422 4289 fuit
449 4219 597 4291 oblatus
625 4216 847 4315 lepusculus.
908 4217 982 4313 Qui
1002 4219 1096 4291 liber
1124 4218 1256 4291 iterum
1287 4218 1348 4288 de·

227 4323 378 4417 positus,
412 4350 495 4396 cum
524 4342 653 4421 posset
681 4350 757 4420 quo
784 4324 896 4397 vellet
925 4325 1102 4423 effugere,
1129 4342 1288 4398 vocante
1308 4348 1348 4393 se

226 4447 357 4502 sancto
377 4433 412 4502 in
435 4430 554 4504 sinum
575 4431 670 4503 illius
689 4457 851 4529 propero
871 4458 979 4505 cursu
1005 4432 1163 4505 saltavit.
1224 4432 1345 4522 Quem
