3142 4875
664 347 834 395 LEGENDA
864 347 974 395 PRIMA

721 455 1047 462 72-——-......-.-.
1066 454 1382 463 ...--——--—-.——

263 744 321 815 De
337 743 460 814 reditu
477 743 597 838 z'psim
614 741 661 813 ab
681 741 769 812 urbe
784 742 905 813 Roma
921 741 962 810 in
982 740 1116 811 vallem
1134 740 1383 836 Spolelanum,

447 858 540 929 etde
559 883 663 929 mora
684 857 805 952 ipsius
818 867 892 952 per
909 857 1020 927 vzizm.
1093 855 1194 927 XIV.

343 1092 404 1161 34.
436 1069 596 1141 Sanctus
624 1069 846 1141 Franciscus
886 1093 969 1139 cum
1007 1066 1180 1140 fratribus
1216 1067 1302 1152 suis,
1335 1070 1384 1141 de

261 1201 414 1249 munere
444 1200 488 1248 ac
515 1176 638 1272 gratia
674 1176 767 1247 tanti
795 1173 911 1271 patris
939 1189 977 1246 et
1005 1174 1145 1247 domini
1183 1173 1382 1269 plurimum

258 1281 459 1364 exsultans,
487 1283 628 1379 gratias
652 1281 758 1380 [egit]
781 1281 1029 1378 omnipotenti
1058 1280 1154 1366 De0,
1185 1282 1248 1377 qui
1276 1282 1383 1379 ponit
1413 1319 1431 1382 5

260 1390 417 1462 humiles
438 1390 474 1461 in
495 1387 641 1460 sublimi
662 1407 700 1461 et
720 1405 933 1461 moerentes
953 1386 1065 1485 erigit
1084 1389 1274 1484 sospitate.
1297 1389 1375 1462 Sta·

259 1496 400 1591 timque
428 1496 531 1567 venit
559 1495 709 1568 visitare
738 1495 865 1567 limina
884 1495 983 1567 beati
1004 1495 1112 1577 Petri,
1145 1511 1183 1567 et
1211 1496 1381 1569 oratione

260 1603 446 1697 completa
475 1627 651 1699 egressus
679 1628 726 1673 ex
756 1600 869 1683 Urbe,
892 1626 1022 1673 versus
1050 1600 1183 1674 vallem
1213 1601 1381 1699 Spoleta·

260 1735 345 1782 nam
368 1709 437 1781 iter
455 1708 645 1805 arripiens,
669 1734 752 1780 cum
773 1708 884 1779 sociis
904 1724 960 1779 est
979 1709 1178 1804 profectus.
1241 1709 1380 1807 [Utilis

256 1815 427 1914 collatio]
442 1815 696 1891 Conlerebant
706 1816 755 1887 ad
765 1813 934 1896 invicem,
948 1814 1037 1886 dum
1053 1814 1105 1887 sic
1121 1815 1225 1898 irent,
1241 1835 1381 1912 quanta
1416 1852 1455 1898 10

257 1940 296 1995 et
328 1921 451 2019 qualia
480 1923 534 1995 eis
562 1920 872 1996 clementissimus
900 1921 1007 1993 Deus
1035 1922 1134 1994 dona
1163 1922 1376 1995 contulerit:

258 2030 415 2128 qualiter
434 2055 457 2101 a
475 2029 614 2101 vicario
634 2027 781 2112 Christi,
814 2028 967 2101 domino
991 2045 1029 2100 et
1049 2045 1154 2122 patre
1183 2028 1379 2104 universae

255 2135 481 2208 christianae
501 2135 670 2218 nationis,
693 2136 905 2233 gratissime
925 2153 1012 2207 sunt
1032 2135 1189 2232 recepti:
1222 2135 1380 2232 qualiter

256 2243 369 2316 etiam
390 2241 531 2315 monita
549 2259 587 2313 et
603 2261 803 2339 praecepta
824 2241 938 2337 ipsius
957 2241 1162 2338 adimplere
1189 2243 1375 2316 valerent:

258 2349 417 2447 qualiter
445 2348 614 2447 regulam
643 2374 755 2446 quam
785 2365 1028 2445 susceperant
1051 2367 1206 2447 possent
1233 2350 1377 2423 sincere
1412 2381 1449 2448 15

257 2482 407 2530 servare
427 2483 471 2529 ac
492 2455 800 2529 indeclinabiliter
815 2456 1019 2529 custodire:
1043 2455 1200 2553 qualiter
1219 2456 1255 2529 in
1275 2459 1376 2530 omni

257 2564 454 2636 sanctitate
482 2580 520 2634 et
548 2563 730 2660 religione
755 2588 880 2636 coram
909 2562 1103 2636 Altissimo
1123 2565 1373 2637 ambularent:

256 2669 415 2768 qualiter
442 2670 604 2767 denique
633 2670 709 2743 vita
737 2686 775 2741 et
803 2695 927 2742 mores
957 2670 1130 2765 ipsorum,
1162 2697 1230 2767 pet
1259 2672 1377 2744 incre-

257 2793 382 2850 menta
401 2794 612 2849 sanctarum
633 2776 822 2861 virtutum,
845 2778 966 2849 lorent
986 2776 1165 2872 proximis
1184 2777 1231 2850 ad
1252 2804 1376 2851 exem·

254 2885 368 2981 plum.
428 2883 599 2980 Cumque
621 2884 704 2956 novi
727 2882 864 2956 Christi
887 2882 1056 2980 discipuli
1086 2886 1133 2956 de
1162 2884 1373 2958 huiusmodi
1405 2912 1450 2959 20

253 2990 482 3063 sufficienter
511 2993 546 3061 in
583 2990 710 3063 schola
748 2989 963 3062 humilitatis
1000 2990 1262 3086 disputassent,
1294 2992 1375 3065 dies

254 3099 410 3170 multum
430 3098 599 3170 ascendit
614 3113 652 3169 et
672 3098 764 3169 hora
782 3095 983 3193 praeteriit.
1016 3098 1268 3171 Pervenerant
1286 3116 1374 3171 tunc

252 3206 299 3277 ad
328 3206 518 3278 desertum
548 3205 680 3286 locum,
704 3204 858 3276 nimium
883 3229 972 3300 prae
993 3203 1210 3277 lassitudine
1233 3205 1374 3279 itineris

252 3311 394 3410 fatigati
424 3328 462 3384 et
498 3313 704 3384 esurientes
736 3311 976 3383 resectionem
1011 3311 1172 3407 aliquam
1208 3313 1373 3386 invenire

253 3443 326 3491 non
356 3435 537 3514 poterant,
561 3419 728 3515 eoquod
759 3417 862 3489 locus
891 3416 950 3489 ille
974 3419 1022 3489 ab
1051 3419 1242 3490 hominum
1273 3421 1372 3492 habi·
1403 3446 1443 3510 25

251 3525 392 3597 tatione
411 3525 520 3598 valde
541 3542 707 3597 remotus
725 3542 816 3598 erat.
848 3524 1069 3620 Statimque,
1102 3524 1227 3598 divina
1250 3527 1372 3623 gratia

251 3650 486 3729 procurante,
504 3633 664 3705 occurrit
678 3632 732 3703 eis
752 3632 866 3704 homo
881 3631 1040 3703 afferens
1055 3632 1091 3703 in
1109 3657 1218 3705 manu
1235 3658 1370 3730 panem

321 3841 526 3895 neaman
602 3843 729 3896 alium.
747 3843 830 3910 ipsius
907 3842 987 3911 3.,45
999 3859 1049 3894 om.
1063 3858 1126 3894 cum
1140 3841 1170 3896 fr.
1186 3846 1241 3896 suis
1318 3847 1373 3911 513

246 3940 294 3975 unt
316 3924 370 3992 egit
434 3922 468 3975 Os
487 3921 578 3991 posuit
669 3921 692 3974 6.
710 3921 878 3989 moerentes]
899 3921 920 3973 P
940 3934 1045 3974 mentes
1137 3939 1161 3991 7.
1188 3925 1320 3976 Wsancti
1345 3926 1371 3977 Ρ.

246 4001 631 4067 q·1o.Bom.Utiliscollatio
705 4001 835 4070 rodum]
849 4002 957 4055 Oscum
996 4001 1151 4055 ASom.sic
1225 4006 1370 4074 raetiam]

246 4083 269 4135 Ε
287 4099 349 4151 pen·
370 4082 399 4135 H
416 4095 443 4134 et
499 4082 534 4135 us
554 4080 661 4134 valeant
737 4080 776 4134 16.
798 4084 818 4136 R
839 4082 984 4134 observare
1038 4083 1172 4152 inomni]
1194 4084 1370 4144 ,umorue

246 4163 268 4215 Ε
281 4164 308 4214 in
322 4163 398 4214 omni
413 4161 519 4213 monitu
590 4178 631 4231 17.
646 4162 788 4232 religione]
804 4161 949 4231 Pregione
1018 4164 1057 4215 18.
1072 4163 1200 4233 denique]
1216 4163 1262 4216 As
1274 4164 1371 4218 deinde

249 4244 341 4312 18-19.
358 4242 387 4295 H
401 4244 599 4295 incrementum
675 4258 715 4312 23.
731 4241 900 4311 lassitudine]
917 4242 1121 4295 Pmultitudine
1195 4259 1236 4308 η.
1253 4242 1370 4315 fatigati]

248 4323 388 4389 ‚ligravati
459 4321 854 4390 25.h0minum]0.romnlum
924 4323 1189 4376 zhllremotusest
1255 4339 1369 4393 27.pro-

245 4401 366 4466 curante]
390 4402 425 4454 tt·
447 4413 611 4471 cooperante
