3142 4875
246 402 297 470 94
646 403 819 453 LEGENDA
846 405 957 453 sittim

244 640 331 714 Deo
359 640 553 738 cognitum
581 638 777 721 credimus,
809 652 848 710 et
875 638 1088 735 peripsum
1117 657 1287 716 sanctum
1316 666 1364 713 ex

242 763 350 846 parte
370 747 517 820 cuidam
537 743 753 818 revelatum.
813 744 1017 841 Propterea
1037 747 1072 817 in
1094 746 1174 818 eius
1193 745 1365 820 laudibus

243 880 317 927 non
347 853 501 951 expedit
529 850 684 924 multum
712 865 869 933 tentare,
902 850 1005 924 cuius
1024 854 1104 924 laus
1124 853 1171 925 ab
1191 853 1273 950 ipso
1294 870 1360 938 est,

242 961 305 1059 qui
324 977 383 1033 est
402 961 481 1034 laus
501 958 677 1041 omnium,
701 958 784 1031 lons
803 973 841 1030 et
859 957 980 1030 honor
1006 958 1237 1044 fortissimus,
1270 961 1364 1034 dans

240 1068 408 1165 praemia
427 1066 528 1139 lucis.
587 1063 861 1137 Benedicentes
890 1064 1004 1162 igitur
1030 1065 1155 1138 Deum
1180 1083 1362 1153 sanctum,
1395 1096 1414 1160 5

240 1198 370 1247 verum
391 1189 429 1247 et
448 1172 664 1271 gloriosum,
687 1172 736 1244 ad
756 1169 947 1245 historiam
968 1197 1212 1246 recurramus,

239 1571 300 1643 De
313 1597 455 1644 summo
469 1572 651 1644 desz‘derr'o
664 1571 763 1644 beati
773 1572 815 1643 F
811 1571 981 1653 nancisci,
993 1581 1028 1642 et
1039 1571 1207 1667 qualiter
1216 1573 1258 1644 in
1270 1572 1367 1645 libri

306 1686 492 1782 opertione
512 1687 701 1759 intellexit
717 1687 759 1759 de
778 1711 814 1758 se
829 1688 995 1758 Domini
1010 1687 1247 1759 voluntatem.
1297 1687 1340 1758 ll.
1390 1788 1393 1794 Ι

321 1924 382 1992 91.
414 1899 604 1996 Tempore
624 1897 788 1996 quodam
808 1899 940 1973 beatus
959 1916 997 1973 et
1016 1900 1240 1974 venerabilis
1254 1917 1363 1998 pater

241 2006 472 2090 Franciscus,
504 2005 641 2079 relictis
669 2005 922 2079 saecularibus
950 2006 1078 2091 turbis,
1111 2032 1207 2103 quae
1231 2008 1280 2081 ad
1298 2033 1362 2081 au·
1396 2034 1437 2081 10

239 2115 419 2187 diendum
439 2131 476 2186 et
496 2112 698 2186 videndum
719 2139 805 2185 eum
825 2113 992 2210 quotidie
1012 2114 1252 2187 devotissime
1272 2139 1363 2188 con-

238 2222 449 2303 currebant,
465 2222 587 2292 locum
604 2219 739 2316 quietis
758 2236 797 2293 et
811 2236 996 2292 secretum
1017 2221 1226 2293 solitudinis
1241 2221 1359 2319 petiit,
1420 2256 1425 2265 ·

238 2329 395 2423 cupiens
424 2326 473 2400 ibi
493 2352 627 2400 vacare
646 2328 732 2400 Deo
751 2343 790 2399 et
808 2341 1007 2424 extergere
1037 2328 1068 2398 si
1088 2329 1177 2424 quid
1198 2328 1361 2424 pulveris

239 2432 309 2507 sibi
339 2460 387 2507 ex
416 2434 701 2508 conversatione
739 2433 929 2507 hominum
964 2436 1207 2508 adhaesisset.
1274 2437 1361 2509 Mos

165 2610 167 2614 ,
238 2541 320 2614 eius
349 2555 429 2613 erat
455 2556 605 2638 tempus
633 2542 844 2637 impensum
873 2541 943 2614 sibi
963 2541 1011 2614 ad
1030 2544 1190 2640 gratiam
1210 2569 1360 2641 prome·
1394 2579 1433 2644 15

239 2647 395 2721 rendam
430 2647 606 2731 dividere,
639 2665 687 2733 et,
718 2664 829 2744 prout
864 2664 1039 2744 oportere
1066 2650 1227 2731 videbat,
1259 2650 1360 2723 aliud

239 2754 496 2851 proximorum
516 2753 626 2827 lucris
655 2755 883 2850 impendere,
906 2754 1005 2828 aliud
1034 2755 1360 2853 contemplationis

237 2860 359 2934 beatis
386 2860 596 2934 secessibus
629 2886 900 2934 consummare.
957 2861 1173 2959 Assumpsit
1192 2863 1359 2960 proinde

237 2993 366 3040 secum
396 2969 518 3041 socios
545 2968 656 3041 valde
675 2993 825 3064 paucos
853 2968 987 3064 quibus
1017 2970 1096 3041 eius
1125 2968 1359 3044 conversatio

236 3091 368 3149 sancta
396 3075 518 3172 magis
546 3100 659 3171 quam
683 3075 841 3148 caeteris
870 3092 959 3148 nota
986 3092 1076 3159 erat,
1099 3092 1139 3148 ut
1167 3092 1360 3150 tuerentur
1388 3108 1433 3155 20

236 3208 324 3254 eum
351 3183 398 3255 ab
419 3181 567 3254 incursu
587 3197 625 3253 et
653 3181 937 3254 conturbatione
966 3182 1169 3267 hominum,
1191 3201 1230 3255 et
1252 3209 1358 3258 suam

235 3287 403 3384 quietem
431 3287 467 3361 in
496 3287 670 3361 omnibus
696 3288 896 3386 diligerent
914 3313 958 3361 ac
978 3305 1180 3362 servarent.
1240 3291 1360 3363 Sacra

233 3395 498 3491 contemplatio.
557 3396 730 3493 Cumque
749 3396 821 3469 illic
841 3394 1054 3492 aliquandiu
1079 3396 1356 3493 permansisset,

235 3517 275 3574 et
312 3503 481 3575 oratione
523 3501 700 3577 continua
741 3503 1001 3599 frequentique
1042 3505 1359 3600 contemplatione

235 3609 399 3685 divinam
438 3608 723 3682 familiaritatem
761 3609 875 3682 modo
903 3608 1077 3683 ineffabili
1107 3610 1237 3684 suisset
1268 3611 1359 3685 ade·
1388 3642 1430 3709 25

311 3815 396 3869 1.A5
414 3833 463 3870 om.
482 3815 616 3868 credimus
689 3831 713 3869 2.
733 3815 852 3884 cuidam]
868 3816 914 3870 As
929 3816 1062 3886 quadam;
1084 3818 1103 3871 R
1123 3835 1172 3870 om.
1229 3819 1264 3872 Or
1282 3835 1359 3871 reve·

235 3894 319 3950 latum
339 3909 388 3950 est.
444 3897 477 3950 M
492 3896 635 3949 Praeterea
709 3912 731 3961 3.
746 3896 787 3961 H,
803 3898 846 3961 lt,
862 3897 916 3960 Or,
931 3896 1100 3962 P,Rmultn
1156 3897 1186 3950 H
1202 3910 1360 3952 contentare

236 3992 261 4040 4.
276 3975 320 4029 As
332 3976 398 4028 dans
412 3975 564 4029 fortissimis
637 3974 662 4029 6.
678 3977 712 4029 Os
726 3994 774 4030 om,
789 3992 882 4028 verum
956 3976 1077 4044 7.Lom.
1092 3976 1119 4028 in
1133 3977 1192 4029 libri
1266 3977 1360 4031 8.Do·

235 4056 302 4108 mini
322 4055 502 4125 voluntatem]
524 4059 544 4111 li
564 4070 590 4108 et
609 4056 660 4108 Dei
680 4056 818 4110 voluntate
904 4073 942 4110 to,
963 4059 992 4109 ,ti
1011 4073 1080 4128 quae
1100 4057 1178 4109 etad
1262 4073 1303 4113 11.
1324 4059 1360 4113 Os

231 4152 285 4187 om.
300 4148 327 4188 et
338 4165 353 4175 -
364 4135 482 4207 quotidie
559 4152 598 4191 12.
614 4136 662 4190 As
675 4136 741 4207 petit
816 4152 854 4200 14.
870 4136 916 4190 AS
927 4136 976 4189 sibi
991 4138 1143 4189 inhaeserat
1160 4145 1181 4191 et
1197 4155 1245 4190 om.
1260 4136 1360 4191 adhae-

234 4217 313 4269 sisset
396 4215 436 4270 16.
455 4217 492 4286 et]
514 4217 535 4270 L
554 4218 634 4270 etiam
720 4217 759 4270 18.
786 4216 820 4268 W
835 4218 1006 4270 successibus
1092 4234 1131 4286 19.
1151 4218 1199 4272 As
1216 4214 1405 4271 conversas

231 4296 332 4359 tionis;
349 4296 383 4350 Os
396 4297 538 4349 conversio
613 4313 653 4351 20.
674 4296 722 4350 AS
738 4309 814 4350 erant
888 4313 928 4350 22.
945 4297 1086 4369 diligerent
1101 4299 1296 4368 asservarent]
1314 4300 1360 4354 As

233 4375 376 4443 diligenter
389 4377 562 4447 adiuvarem3
578 4378 626 4441 Os,
643 4379 662 4432 R
676 4377 818 4445 diligenter
830 4392 967 4431 servarent
1034 4394 1075 4449 23.
1088 4378 1154 4448 illic]
1170 4378 1216 4432 As
1228 4395 1290 4431 cum
1305 4378 1359 4432 illis

234 4468 277 4518 24.
297 4454 536 4526 contemplatione]
560 4459 578 4512 R
597 4458 721 4510 oratione
