3142 4875
259 363 337 454 408
566 390 773 440 rnncrnrus
803 393 850 440 ua
879 391 1073 441 attractus

256 626 367 699 toties
394 626 580 723 exquisita
598 651 621 699 a
640 626 807 722 pluribus
822 624 991 723 praecisa
1005 627 1154 722 penitus
1176 627 1378 701 videretur.

256 731 324 804 Vir
351 732 513 830 quidam,
546 734 696 806 Marcus
725 733 886 816 nomine,
919 732 1039 828 ipsum
1068 751 1222 830 propter
1251 734 1377 807 Deum

255 840 420 937 suscepit
439 840 611 937 hospitio.
670 840 745 935 Qui
766 865 852 912 eum
872 838 941 912 sibi
961 840 1185 912 benefacere
1207 866 1377 926 cernens

254 946 379 1044 coepit
407 973 492 1020 cum
512 948 594 1043 ipso
613 947 785 1020 assiduus
813 947 1009 1018 demorari.
1067 946 1189 1019 Nocte
1214 949 1377 1043 quadam

254 1054 448 1150 praedicto
476 1055 555 1127 viro
584 1081 667 1127 cunr
698 1080 815 1126 uxore
844 1078 911 1125 sua
938 1071 1122 1125 coenante
1142 1071 1180 1127 et
1203 1055 1378 1128 adstante
1411 1068 1427 1130 5

254 1187 372 1258 puero
400 1186 527 1234 coram
556 1162 620 1245 eis,
652 1160 746 1233 dixit
775 1158 901 1232 uxori:
945 1160 1029 1232 Hoc
1066 1185 1142 1259 ego
1172 1161 1377 1234 maximum

254 1267 471 1341 miraculum
500 1285 723 1365 reputarem,
756 1268 785 1340 si
813 1268 946 1340 beatus
966 1265 1186 1339 Franciscus
1206 1267 1290 1341 huic
1309 1294 1376 1341 au·

253 1375 370 1447 ditum
387 1375 561 1448 redderet
576 1390 613 1448 et
627 1374 827 1471 loquelam.
883 1374 932 1446 Et
946 1373 1099 1446 adiecit:
1123 1373 1256 1447 Voveo
1275 1375 1372 1458 Deo,

252 1482 354 1577 quod
382 1482 411 1555 si
442 1484 512 1555 hoc
541 1498 692 1555 sanctus
720 1481 942 1554 Franciscus
969 1481 1186 1578 dignabitur
1212 1483 1372 1578 operari,

252 1606 405 1685 propter
418 1614 586 1662 amorem
606 1615 713 1662 suum
727 1588 813 1661 huic
828 1614 946 1685 puero
965 1613 1152 1684 expensas
1170 1589 1372 1674 conseram,
1410 1599 1451 1645 ¹0

252 1697 371 1768 donec
391 1696 502 1769 vivet.
560 1695 697 1768 Mirum
718 1696 837 1768 certe!
894 1695 1027 1767 Subito
1047 1694 1175 1791 lingua
1200 1697 1315 1768 crevit
1335 1711 1374 1769 et

252 1800 397 1875 locutus
424 1820 492 1886 est,
523 1804 669 1875 dicens:
701 1801 803 1874 Vivit
831 1819 982 1874 sanctus
1001 1802 1231 1885 Franciscus‚
1259 1828 1372 1899 quem

251 1910 422 2006 superius
450 1927 610 1983 stantem
646 1909 757 1982 video
786 1926 824 1981 et
851 1906 1038 2005 loquelam
1075 1908 1163 1979 mihi
1201 1910 1374 2004 praebuit

250 2033 289 2088 et
308 2017 485 2089 auditum.
544 2015 646 2111 Quid
665 2041 759 2113 ergo
779 2015 851 2088 iam
881 2013 1020 2112 populo
1048 2014 1192 2088 dicam?
1249 2017 1374 2088 Nutri-

250 2124 322 2195 tius
350 2125 430 2196 eius
459 2125 670 2220 respondit:
703 2122 893 2195 Laudabis
912 2122 1046 2204 Deum,
1070 2139 1108 2194 et
1126 2121 1282 2195 salvabit
1307 2124 1372 2197 ho·
1408 2135 1446 2200 15

251 2229 369 2303 mines
398 2232 544 2303 multos.
603 2229 786 2302 Homines
814 2248 936 2302 terrae
965 2228 1069 2312 illius,
1101 2231 1163 2326 qui
1193 2256 1277 2303 eum
1308 2255 1373 2302 no·

248 2354 378 2410 verant
398 2337 528 2433 prim0,
551 2336 797 2410 admiratione
827 2335 991 2408 maxima
1018 2353 1105 2407 sunt
1134 2336 1276 2432 repleti.

335 2450 416 2516 126.
449 2444 584 2517 Mulier
612 2445 810 2541 quaedam,
841 2444 877 2516 in
906 2443 1069 2539 Apuliae
1097 2446 1273 2540 partibus
1306 2444 1370 2517 diu

248 2550 432 2647 loquelam
463 2552 676 2649 perdiderat
704 2569 741 2624 et
769 2550 1023 2648 respirationis
1051 2551 1190 2623 liberae
1214 2550 1370 2624 faculta-

247 2675 333 2730 tem.
394 2659 474 2744 Cui,
507 2685 590 2731 cum
620 2659 667 2731 de
697 2676 807 2731 nocte
835 2657 1024 2742 dormiret,
1055 2658 1228 2754 apparuit
1248 2657 1370 2755 Virgo
1402 2673 1448 2721 20

248 2766 377 2850 Maria,
408 2767 555 2839 dicens:
587 2765 626 2838 Si
648 2765 701 2836 vis
721 2766 799 2837 fieri
820 2790 920 2846 sana,
948 2790 1065 2860 perge
1095 2764 1141 2836 ad
1170 2763 1367 2837 ecclesiam

247 2872 372 2946 Sancti
394 2873 582 2946 Francisci
602 2874 702 2969 apud
723 2872 940 2953 Venusium,
972 2887 1011 2943 et
1038 2869 1087 2943 ibi
1116 2887 1283 2968 optatam
1312 2898 1368 2944 re·

246 2978 361 3075 cipies
389 2979 596 3053 sanitatem.
656 2978 824 3051 Surrexit
854 2977 985 3049 mulier
1003 2993 1049 3060 et,
1073 3003 1158 3050 cum
1182 2977 1365 3074 respirare

246 3111 320 3157 non
349 3104 476 3183 posset
506 3113 573 3159 nec
602 3085 713 3183 loqui,
746 3086 963 3182 parentibus
992 3085 1169 3157 innuebat
1202 3083 1295 3158 velle
1325 3112 1367 3158 se

246 3192 450 3266 Venusium
481 3219 693 3291 properare.
764 3193 975 3264 Assensere
1012 3209 1187 3288 parentes
1215 3208 1252 3264 et
1281 3218 1365 3265 cum
1397 3205 1439 3270 25

244 3325 289 3373 ea
318 3299 540 3397 gradiuntur
566 3301 615 3373 ad
643 3301 777 3372 locum.
836 3300 981 3371 Intrans
1000 3315 1124 3371 autem
1150 3297 1280 3371 mulier
1308 3324 1364 3372 ec·

244 3407 394 3480 clesiam
424 3406 550 3480 Sancti
579 3407 778 3485 Francisci‚
802 3405 888 3477 dum
920 3405 1031 3501 pleno
1051 3405 1164 3478 corde
1187 3406 1365 3504 suffragia

242 3512 371 3610 poscit,
404 3515 538 3599 statim,
562 3540 684 3587 massa
704 3512 1016 3597 carnisevomita,
1043 3513 1185 3585 cunctis
1213 3539 1364 3586 cernen-

242 3620 339 3694 tibus
370 3620 521 3694 mirifice
550 3620 738 3699 liberatur.

328 3749 411 3819 127.
448 3729 487 3801 ln
520 3729 679 3801 Aretina
711 3726 875 3800 dioecesi
906 3726 1036 3798 mulier
1069 3727 1253 3822 quaedam
1296 3752 1364 3822 per
1394 3740 1438 3803 30

242 3852 385 3931 septem
423 3860 542 3908 annos
578 3851 679 3908 muta
716 3835 910 3917 exsistens
948 3832 1132 3906 continuis
1167 3832 1362 3906 desideriis

241 3943 386 4015 divinas
415 3941 674 4040 interpellabat
702 3966 822 4024 aures
854 3957 893 4012 ut
922 3939 955 4012 ei
985 3939 1091 4012 Deus
1120 3938 1285 4037 linguam
1306 3966 1362 4013 re·

240 4049 384 4122 solvere
401 4051 629 4146 dignaretur.
671 4049 719 4120 Et
734 4074 824 4120 ecce
838 4046 1036 4119 dormienti
1053 4045 1120 4118 sibi
1137 4046 1212 4119 duo
1227 4046 1361 4121 fratres

240 4157 355 4228 rubea
382 4172 487 4229 veste
516 4155 732 4229 circumdati
761 4154 993 4236 adstiterunt,
1025 4173 1063 4225 et
1092 4170 1131 4225 ut
1160 4179 1200 4226 se
1229 4170 1361 4228 sancto

240 4261 439 4335 Francisco
478 4277 641 4347 voveret,
680 4261 838 4333 dulciter
877 4278 1109 4333 monuerunt.
1187 4261 1359 4355 Quorum
1391 4277 1431 4342 35

313 4516 350 4568 15.
370 4503 394 4556 A
403 4506 424 4556 B
443 4504 573 4556 Laudabit
648 4521 687 4574 34.
708 4508 731 4559 A
740 4507 761 4559 B
783 4506 861 4557 rubra
