3142 4875
623 383 725 431 nizam
756 383 939 431 rxriucrscr
1266 363 1339 450 363

221 614 384 711 quodam
406 615 571 686 medicus
600 640 785 711 procura
814 614 1007 687 oculorum
1032 614 1200 709 quotidie
1221 613 1342 686 visita·

221 723 295 794 bat.
355 720 530 814 Quodam
560 747 649 793 vero
678 720 738 794 die
766 720 862 793 dixit
890 736 1042 793 sanctus
1070 721 1118 793 ad
1148 745 1254 793 suos:
1288 722 1342 791 ln-

220 828 333 900 vitate
354 827 539 900 medicum
569 844 607 900 et
635 828 721 901 date
741 826 790 900 illi
811 826 953 925 optime
974 829 1210 900 manducare.
1270 829 1343 900 Re-

220 933 371 1031 spondit
406 933 439 1006 ei
469 933 716 1031 guardianus:
748 936 869 1016 Pater,
901 959 984 1006 cum
1014 936 1150 1006 rubore
1171 932 1338 1018 dicimus,

175 1072 189 1134 5
219 1041 517 1114 verecundamur
535 1040 656 1137 ipsum
677 1040 843 1124 invitare,
867 1058 1011 1113 tantum
1033 1066 1131 1113 nunc
1156 1065 1343 1136 pauperes

220 1173 357 1220 sumus.
417 1147 638 1244 Respondit
663 1164 814 1220 sanetus
851 1147 997 1220 dicens:
1029 1147 1204 1220 Modicae
1242 1145 1339 1228 fidei,

219 1256 308 1351 quid
334 1256 443 1327 vultis
468 1270 506 1325 ut
531 1255 664 1327 iterum
685 1253 831 1327 dicam?
888 1254 1060 1327 Medicus
1086 1255 1147 1351 qui
1169 1255 1341 1327 adstabat

220 1361 331 1433 dixit:
363 1362 412 1434 Et
440 1386 525 1459 ego,
556 1361 687 1434 iratres
716 1360 932 1444 charissimi,
955 1361 1148 1457 penuriam
1178 1352 1341 1433 vestram

220 1469 365 1541 delitias
390 1469 581 1565 reputabo.
640 1469 835 1541 Festinant
864 1469 1005 1552 lratreS,
1028 1484 1065 1541 et
1093 1493 1243 1540 omnem
1273 1466 1343 1540 cel-

155 1608 192 1653 ιο
220 1574 297 1648 larii
315 1576 459 1671 copiam
478 1600 630 1647 mensae
644 1574 850 1671 imponunt,
864 1575 972 1671 panis
987 1575 1126 1648 scilicet
1141 1576 1339 1655 modicum,

220 1681 370 1778 vinique
391 1707 463 1753 non
486 1681 650 1754 multum.
709 1681 758 1754 Et
778 1698 818 1754 ut
837 1680 1008 1779 la[u]tius
1027 1682 1193 1766 ederent,
1212 1706 1342 1777 parum

220 1788 418 1885 leguminis
452 1789 611 1884 coquina
643 1789 868 1861 transmittit.
928 1786 1078 1860 lnterim
1108 1813 1238 1860 mensa
1266 1786 1335 1858 Do·

221 1895 308 1967 mini
328 1920 520 1967 servorum
542 1920 695 1968 mensae
723 1895 957 1991 compatitur,
979 1896 1147 1991 pulsatur
1166 1894 1339 1975 hostium,

219 2003 378 2075 accurrit
406 2003 529 2074 srater.
588 2002 637 2074 Et
656 2026 745 2074 ecce
765 2001 897 2074 mulier
924 2001 1108 2097 quaedam
1140 2001 1340 2073 canistrum

154 2146 187 2209 15
219 2108 326 2182 offert
346 2109 495 2205 plenum
517 2109 672 2205 pulchro
692 2133 799 2204 pane,
824 2108 987 2204 piscibus
1006 2123 1045 2180 et
1062 2107 1217 2203 pastillis
1239 2132 1342 2204 garn·

219 2217 393 2288 barorum
414 2217 602 2299 refertum,
625 2214 734 2287 melle
753 2231 790 2287 et
820 2215 901 2287 uvis
920 2216 1082 2311 desuper
1101 2212 1339 2286 cumulatum.

220 2321 392 2396 Exsultat
425 2347 630 2419 pauperum
666 2347 796 2394 mensa
833 2321 903 2395 hiis
937 2319 1034 2402 visis,
1065 2338 1103 2393 et
1139 2319 1272 2393 vilibus
1305 2319 1340 2391 in

220 2430 420 2503 crastinum
441 2429 650 2510 reservatis,
673 2429 837 2525 pretiosa
866 2429 978 2502 hodie
1004 2445 1200 2501 sumuntur
1229 2428 1264 2499 in
1295 2428 1341 2499 ci-

221 2539 319 2611 bum.
377 2537 549 2609 Medicus
578 2562 667 2610 vero
695 2537 917 2634 suspirando
938 2539 1082 2609 locutus
1111 2552 1168 2608 est
1195 2533 1338 2607 dicens:

148 2681 191 2726 20
220 2646 300 2718 Nec
329 2669 406 2724 vos,
439 2645 579 2725 fratres
611 2644 705 2716 sicut
738 2644 895 2728 debetis,
928 2669 996 2716 nec
1032 2669 1099 2715 nos
1131 2644 1342 2715 saeculares

220 2753 328 2825 huius
348 2751 610 2847 cognoscimus
630 2749 875 2824 sanctitatem.
924 2750 1055 2823 Satiati
1075 2750 1239 2846 denique
1259 2749 1342 2820 fuis·

219 2875 313 2941 sent,
330 2858 397 2931 nisi
417 2856 500 2953 plus
516 2883 581 2930 eos
597 2857 814 2930 miraculum
835 2883 947 2953 quam
964 2857 1141 2930 ferculum
1157 2857 1339 2929 satiasset.

220 2966 280 3039 Sic
308 2980 486 3063 paternus
519 2963 579 3036 ille
612 2966 741 3036 oculus
779 2989 1016 3060 nequaquam
1045 2964 1203 3060 despicit
1240 2988 1338 3043 suos,

220 3071 307 3168 quin
338 3069 462 3169 potius
496 3069 625 3143 maiori
658 3071 807 3143 delectu
843 3071 1036 3143 mendicos
1065 3068 1193 3143 maiori
1222 3070 1340 3165 provi-

148 3218 165 3262 2
173 3218 186 3279 5
204 3178 346 3251 ‘dentia
376 3177 500 3250 nutrit.

649 3338 913 3347 ———

316 3519 374 3589 Dc
401 3517 553 3588 domina
581 3514 708 3587 [aruba
737 3515 779 3585 de
810 3515 954 3608 Septem
985 3514 1112 3586 Solr'r's.
1173 3512 1234 3582 Vl.

302 3743 361 3818 37.
394 3720 528 3792 lacoba
556 3719 604 3790 de
633 3717 786 3815 Septem
817 3716 937 3800 Soliis,
961 3715 1128 3788 claritate
1147 3730 1186 3785 et
1204 3712 1337 3785 sancti-

220 3842 296 3898 tate
323 3826 402 3924 pari
432 3826 468 3897 in
498 3826 590 3897 urbe
614 3825 797 3905 Romana,
820 3824 1056 3921 privilegium
1076 3819 1213 3892 amoris
1232 3844 1336 3916 prae·

220 3933 317 4030 cipui
348 3949 533 4006 meruerat
560 3934 661 4028 apud
690 3947 871 4005 sanctum.
926 3931 1012 4002 Non
1034 3926 1121 3999 mihi
1151 3927 1198 3999 ad
1229 3926 1341 3998 huius

148 4076 190 4143 30
220 4042 367 4114 laudem
388 4041 633 4135 repetendum
654 4064 774 4132 genus
796 4039 947 4120 illustre,
970 4034 1130 4107 familiae
1159 4034 1340 4130 dignitas,

218 4146 366 4242 amplae
386 4146 547 4228 divitiae,
571 4171 643 4218 non
665 4147 828 4240 denique
850 4145 943 4215 mira
963 4141 1139 4213 virtutum
1159 4140 1240 4213 eius
1261 4167 1341 4236 per-

220 4253 342 4336 fectio,
373 4254 558 4351 longaeva
587 4250 815 4325 continentia
849 4248 1016 4321 vidualis.
1077 4249 1171 4320 Cum
1215 4247 1341 4343 itaque

295 4497 336 4536 11.
357 4482 386 4535 ll
404 4480 483 4535 latius
560 4496 651 4551 31·32.
670 4479 725 4534 AB
744 4478 877 4550 profectio
