3142 4875
600 383 705 431 nunu
732 384 917 432 Funucrsei
1245 360 1315 447 189

859 496 868 499 -
880 492 1245 501 q———ffib———udw
1263 494 1272 499 .
1281 494 1316 497 ..Ν

425 724 665 798 introitus
707 725 764 796 ad
806 724 1082 795 secundam.

282 941 340 1008 26.
372 936 537 1034 lusignia
564 951 711 1031 patrum
740 924 1043 1031 praecedentium
1070 934 1248 1006 reservari
1268 936 1315 1005 ad

196 1039 416 1116 memoriam
459 1042 626 1124 liliorum,
667 1041 811 1114 illorum
854 1042 1015 1121 honoris,
1055 1042 1187 1112 horum
1225 1066 1316 1112 vero

196 1149 334 1223 amoris
364 1148 534 1222 inditium
562 1166 629 1222 est.
687 1147 786 1222 Sane
815 1148 876 1244 qui
907 1173 1035 1220 eorum
1064 1149 1314 1242 praesentiam

145 1285 164 1350 5
197 1255 428 1353 corporalem
458 1282 532 1346 non
561 1255 775 1353 attigerunt,
811 1254 975 1350 ipsorum
1009 1254 1172 1353 [saltem]
1197 1256 1315 1350 gestis

194 1379 447 1461 provocantur
474 1365 511 1435 in
539 1364 689 1447 bonum,
712 1380 978 1459 promoventur
998 1362 1032 1432 in
1054 1359 1194 1445 melius,
1226 1361 1314 1433 dum

195 1486 322 1568 patres
349 1488 560 1567 temporum
589 1469 825 1542 successione
845 1470 1048 1542 disiunctos
1073 1471 1315 1540 memoranda

196 1577 409 1650 testimonia
445 1577 528 1648 filiis
565 1592 859 1674 repraesentant.
915 1577 974 1647 Ac
1011 1576 1171 1671 primum
1214 1575 1309 1673 [nec]

196 1684 383 1757 modicum
413 1684 571 1756 fructum
600 1684 686 1757 inde
720 1682 992 1780 consequimur,
1024 1681 1310 1781 coguitione[m]

123 1817 165 1864 10
195 1789 369 1887 propriae
388 1790 590 1887 parvitatis,
608 1793 779 1864 videntes
795 1808 933 1886 quanta
950 1788 1019 1862 illis
1034 1789 1152 1884 copia,
1175 1807 1315 1884 quanta

196 1898 304 1970 nobis
339 1897 465 1994 inopia
501 1899 728 1971 meritorum.
795 1897 979 1969 Existimo
1008 1912 1132 1968 autem
1161 1897 1313 1967 beatum

195 2003 434 2077 Franciscum
464 2005 656 2100 speculum
686 2004 875 2100 quoddam
905 2002 1178 2075 sanctissimum
1198 2002 1312 2073 domi-

196 2110 301 2183 nicae
315 2109 521 2185 sanctitatis
536 2128 573 2184 et
588 2111 789 2208 imaginem
805 2109 1044 2206 perfectionis
1064 2108 1168 2181 illius.
1209 2108 1309 2191 Eius,

194 2217 357 2314 inquam,
388 2219 513 2290 omnia
533 2235 608 2290 tarn
628 2219 743 2291 verba
763 2243 875 2313 quam
896 2216 992 2289 sacta
1011 2215 1176 2288 divinum
1198 2216 1313 2311 quod·

123 2350 163 2415 15
194 2325 282 2397 dam
302 2324 477 2397 divinitus
505 2324 684 2409 redolent,
717 2349 813 2421 quae
842 2323 872 2395 si
901 2322 1120 2420 diligentem
1150 2323 1313 2394 habeant

194 2431 444 2528 inspectorem
473 2431 725 2529 humilemque
743 2429 974 2526 discipulum,
998 2431 1071 2503 cito
1091 2430 1313 2502 salutaribus

193 2538 397 2636 disciplinis
424 2539 605 2611 imbutum
626 2564 794 2612 summae
809 2537 858 2610 illi
874 2536 1132 2635 philosophiae
1152 2537 1313 2610 reddunt

193 2664 401 2742 acceptum.
459 2647 660 2742 Postquam
690 2644 813 2744 igitur,
835 2645 894 2717 vel
914 2645 1016 2717 tenui
1036 2644 1130 2728 stilo,
1155 2643 1311 2718 transitu

193 2755 357 2847 quodam
386 2752 509 2850 aliqua
537 2754 584 2825 de
613 2753 693 2849 ipso
722 2751 927 2849 praemissa
955 2769 1051 2830 sunt,
1084 2776 1157 2823 non
1186 2777 1312 2848 super·

117 2879 164 2927 20
193 2858 307 2932 fluum
336 2876 427 2956 puto
456 2861 503 2933 de
532 2858 656 2932 multis
692 2884 813 2957 pauca
847 2861 1079 2941 subnectere,
1111 2857 1246 2954 quibus
1274 2875 1312 2931 et

194 2967 476 3040 commendetur
490 2983 640 3040 sanctus
659 2985 697 3039 et
718 2982 843 3038 noster
858 2964 1113 3037 somnolentus
1128 2965 1312 3038 excitetur

191 3072 357 3145 affectus,

429 3394 528 3486 [De
564 3392 743 3488 spiritu
779 3392 1079 3488 prophetiae

191 3562 193 3567 ,
245 3533 380 3603 quem
417 3508 593 3580 beatus
628 3508 921 3580 Franciscus
957 3507 1167 3601 habuit].
1227 3507 1254 3584 l.

118 3740 162 3808 25
274 3739 333 3810 27.
364 3719 503 3791 Beatus
543 3735 650 3815 pater
678 3745 791 3815 super
820 3720 1008 3792 mundana
1042 3720 1204 3814 quadam
1234 3717 1309 3790 ele-

190 3825 340 3899 vatione
367 3828 578 3911 subvectus,
610 3827 790 3922 quidquid
811 3826 847 3899 in
867 3827 959 3898 orbe
975 3826 1042 3897 suit
1061 3826 1154 3897 mira
1168 3824 1308 3897 vvirtute

190 3933 402 4030 subegerat,
434 3959 517 4005 cum
546 3958 715 4005 summae
743 3933 792 4005 illi
822 3932 894 4005 luci
929 3957 1078 4028 semper
1116 3932 1308 4003 obiectans

189 4039 338 4112 oculum
367 4039 575 4113 intellectus
605 4066 679 4112 non
709 4041 829 4112 solum
857 4039 1007 4136 agenda
1027 4038 1151 4110 divina
1171 4036 1309 4109 revela-

189 4146 290 4219 tione
305 4145 456 4231 sciebat,
475 4148 542 4219 sed
557 4147 798 4244 praedicebat
809 4146 924 4219 multa
935 4146 1063 4242 spiritu
1074 4145 1305 4242 prophetiae.

263 4355 455 4408 1·22.llom.
541 4355 859 4425 1.Psecundumopus
937 4358 1112 4422 5.Atamen
1194 4357 1308 4410 &Aet

190 4450 215 4504 9.
234 4436 258 4489 Α
278 4433 436 4505 cognitione
