<?xml version="1.0" encoding="UTF-8"?>
<!DOCTYPE html PUBLIC "-//W3C//DTD XHTML 1.0 Transitional//EN"
    "http://www.w3.org/TR/xhtml1/DTD/xhtml1-transitional.dtd">
<html xmlns="http://www.w3.org/1999/xhtml" xml:lang="en" lang="en">
 <head>
  <title>
</title>
<meta http-equiv="Content-Type" content="text/html;charset=utf-8" />
  <meta name='ocr-system' content='tesseract 3.04.00' />
  <meta name='ocr-capabilities' content='ocr_page ocr_carea ocr_par ocr_line ocrx_word'/>
</head>
<body>
  <div class='ocr_page' id='page_1' title='image "./sfrancisciassis00dogoog_0315.png"; bbox 0 0 3142 4875; ppageno 0'>
   <div class='ocr_carea' id='block_1_1' title="bbox 595 322 1312 407">
    <p class='ocr_par' dir='ltr' id='par_1_1' title="bbox 595 322 1312 407">
     <span class='ocr_line' id='line_1_1' title="bbox 595 322 1312 407; baseline 0.001 -21"><span class='ocrx_word' id='word_1_1' title='bbox 595 338 701 387; x_wconf 77' lang='lat' dir='ltr'><strong>annm</strong></span> <span class='ocrx_word' id='word_1_2' title='bbox 729 322 915 388; x_wconf 73' lang='lat' dir='ltr'><strong>sniucrscr</strong></span> <span class='ocrx_word' id='word_1_3' title='bbox 1236 339 1312 407; x_wconf 86' lang='lat'><strong>219</strong></span> 
     </span>
    </p>
   </div>
   <div class='ocr_carea' id='block_1_2' title="bbox 126 568 1317 4085">
    <p class='ocr_par' dir='ltr' id='par_1_2' title="bbox 126 568 1317 4085">
     <span class='ocr_line' id='line_1_2' title="bbox 192 568 1311 668; baseline -0.001 -24"><span class='ocrx_word' id='word_1_4' title='bbox 192 570 391 666; x_wconf 88' lang='lat' dir='ltr'><strong>cul[ci]tra.</strong></span> <span class='ocrx_word' id='word_1_5' title='bbox 420 595 488 643; x_wconf 90' lang='lat' dir='ltr'><strong>nec</strong></span> <span class='ocrx_word' id='word_1_6' title='bbox 516 571 564 643; x_wconf 92' lang='lat' dir='ltr'><strong>ad</strong></span> <span class='ocrx_word' id='word_1_7' title='bbox 594 586 705 667; x_wconf 89' lang='lat' dir='ltr'><strong>caput</strong></span> <span class='ocrx_word' id='word_1_8' title='bbox 734 570 872 642; x_wconf 89' lang='lat' dir='ltr'><strong>habere</strong></span> <span class='ocrx_word' id='word_1_9' title='bbox 901 571 950 642; x_wconf 93' lang='lat' dir='ltr'><strong>de</strong></span> <span class='ocrx_word' id='word_1_10' title='bbox 978 595 1103 667; x_wconf 90' lang='lat' dir='ltr'><strong>penna</strong></span> <span class='ocrx_word' id='word_1_11' title='bbox 1130 568 1311 668; x_wconf 89' lang='lat' dir='ltr'><strong>pulvinar.</strong></span> 
     </span>
     <span class='ocr_line' id='line_1_3' title="bbox 192 675 1310 774; baseline 0.003 -25"><span class='ocrx_word' id='word_1_12' title='bbox 192 677 314 750; x_wconf 87' lang='lat' dir='ltr'><strong>Huius</strong></span> <span class='ocrx_word' id='word_1_13' title='bbox 345 702 435 750; x_wconf 85' lang='lat' dir='ltr'><strong>vero</strong></span> <span class='ocrx_word' id='word_1_14' title='bbox 467 676 706 750; x_wconf 90' lang='lat' dir='ltr'><strong>districtionis</strong></span> <span class='ocrx_word' id='word_1_15' title='bbox 738 675 959 774; x_wconf 84' lang='lat' dir='ltr'><strong>repagulum</strong></span> <span class='ocrx_word' id='word_1_16' title='bbox 999 701 1068 750; x_wconf 86' lang='lat' dir='ltr'><strong>nec</strong></span> <span class='ocrx_word' id='word_1_17' title='bbox 1107 677 1310 761; x_wconf 85' lang='lat' dir='ltr'><strong>infirmitas,</strong></span> 
     </span>
     <span class='ocr_line' id='line_1_4' title="bbox 193 783 1313 882; baseline 0.001 -26"><span class='ocrx_word' id='word_1_18' title='bbox 193 810 262 857; x_wconf 89' lang='lat' dir='ltr'><strong>nec</strong></span> <span class='ocrx_word' id='word_1_19' title='bbox 291 785 437 857; x_wconf 82' lang='lat' dir='ltr'>forense</span> <span class='ocrx_word' id='word_1_20' title='bbox 466 783 666 880; x_wconf 84' lang='lat' dir='ltr'>hospitium</span> <span class='ocrx_word' id='word_1_21' title='bbox 695 783 931 881; x_wconf 79' lang='lat' dir='ltr'><strong>infringebat.</strong></span> <span class='ocrx_word' id='word_1_22' title='bbox 990 784 1160 882; x_wconf 85' lang='lat' dir='ltr'><strong>Contigit</strong></span> <span class='ocrx_word' id='word_1_23' title='bbox 1187 800 1313 858; x_wconf 89' lang='lat' dir='ltr'><strong>autem</strong></span> 
     </span>
     <span class='ocr_line' id='line_1_5' title="bbox 194 889 1314 989; baseline 0.001 -26"><span class='ocrx_word' id='word_1_24' title='bbox 194 891 230 963; x_wconf 90' lang='lat' dir='ltr'><strong>in</strong></span> <span class='ocrx_word' id='word_1_25' title='bbox 265 915 391 964; x_wconf 88' lang='lat' dir='ltr'><strong>eremo</strong></span> <span class='ocrx_word' id='word_1_26' title='bbox 419 891 579 974; x_wconf 90' lang='lat' dir='ltr'><strong>Graecii,</strong></span> <span class='ocrx_word' id='word_1_27' title='bbox 608 891 799 963; x_wconf 90' lang='lat' dir='ltr'><strong>oculorum</strong></span> <span class='ocrx_word' id='word_1_28' title='bbox 837 889 1049 962; x_wconf 86' lang='lat' dir='ltr'><strong>infirmitate</strong></span> <span class='ocrx_word' id='word_1_29' title='bbox 1087 890 1170 989; x_wconf 91' lang='lat' dir='ltr'><strong>plns</strong></span> <span class='ocrx_word' id='word_1_30' title='bbox 1205 890 1314 964; x_wconf 92' lang='lat' dir='ltr'><strong>solito</strong></span> 
     </span>
     <span class='ocr_line' id='line_1_6' title="bbox 145 995 1314 1096; baseline -0.001 -26"><span class='ocrx_word' id='word_1_31' title='bbox 145 1025 164 1091; x_wconf 88' lang='lat'>5</span> <span class='ocrx_word' id='word_1_32' title='bbox 194 1014 491 1096; x_wconf 84' lang='lat' dir='ltr'><strong>praegravatum,</strong></span> <span class='ocrx_word' id='word_1_33' title='bbox 533 997 617 1095; x_wconf 84' lang='lat' dir='ltr'>cogi</span> <span class='ocrx_word' id='word_1_34' title='bbox 652 1013 781 1069; x_wconf 91' lang='lat' dir='ltr'><strong>contra</strong></span> <span class='ocrx_word' id='word_1_35' title='bbox 820 995 915 1070; x_wconf 86' lang='lat' dir='ltr'><strong>velle</strong></span> <span class='ocrx_word' id='word_1_36' title='bbox 950 996 998 1069; x_wconf 90' lang='lat' dir='ltr'><strong>ad</strong></span> <span class='ocrx_word' id='word_1_37' title='bbox 1035 1024 1142 1070; x_wconf 90' lang='lat' dir='ltr'><strong>usum</strong></span> <span class='ocrx_word' id='word_1_38' title='bbox 1178 999 1314 1071; x_wconf 92' lang='lat' dir='ltr'><strong>modici</strong></span> 
     </span>
     <span class='ocr_line' id='line_1_7' title="bbox 195 1102 1316 1202; baseline 0 -25"><span class='ocrx_word' id='word_1_39' title='bbox 195 1105 406 1202; x_wconf 88' lang='lat' dir='ltr'><strong>pulvinaris.</strong></span> <span class='ocrx_word' id='word_1_40' title='bbox 476 1104 620 1177; x_wconf 79' lang='lat' dir='ltr'>Primae</span> <span class='ocrx_word' id='word_1_41' title='bbox 649 1104 762 1201; x_wconf 84' lang='lat' dir='ltr'><strong>igitur</strong></span> <span class='ocrx_word' id='word_1_42' title='bbox 791 1104 908 1176; x_wconf 91' lang='lat' dir='ltr'><strong>noctis</strong></span> <span class='ocrx_word' id='word_1_43' title='bbox 943 1102 1071 1201; x_wconf 87' lang='lat' dir='ltr'><strong>vigilia</strong></span> <span class='ocrx_word' id='word_1_44' title='bbox 1097 1120 1207 1177; x_wconf 90' lang='lat' dir='ltr'><strong>vocat</strong></span> <span class='ocrx_word' id='word_1_45' title='bbox 1234 1130 1316 1177; x_wconf 90' lang='lat' dir='ltr'><strong>san-</strong></span> 
     </span>
     <span class='ocr_line' id='line_1_8' title="bbox 195 1211 1314 1308; baseline -0.001 -24"><span class='ocrx_word' id='word_1_46' title='bbox 195 1229 276 1285; x_wconf 91' lang='lat' dir='ltr'><strong>ctus</strong></span> <span class='ocrx_word' id='word_1_47' title='bbox 310 1211 463 1295; x_wconf 89' lang='lat' dir='ltr'><strong>socium,</strong></span> <span class='ocrx_word' id='word_1_48' title='bbox 502 1229 540 1283; x_wconf 90' lang='lat' dir='ltr'><strong>et</strong></span> <span class='ocrx_word' id='word_1_49' title='bbox 576 1211 665 1284; x_wconf 90' lang='lat' dir='ltr'><strong>dicit</strong></span> <span class='ocrx_word' id='word_1_50' title='bbox 701 1211 769 1283; x_wconf 90' lang='lat' dir='ltr'><strong>illi:</strong></span> <span class='ocrx_word' id='word_1_51' title='bbox 807 1212 893 1284; x_wconf 93' lang='lat' dir='ltr'><strong>Non</strong></span> <span class='ocrx_word' id='word_1_52' title='bbox 931 1211 1046 1308; x_wconf 91' lang='lat' dir='ltr'><strong>potui,</strong></span> <span class='ocrx_word' id='word_1_53' title='bbox 1084 1211 1205 1294; x_wconf 82' lang='lat' dir='ltr'><strong>frater,</strong></span> <span class='ocrx_word' id='word_1_54' title='bbox 1245 1211 1314 1283; x_wconf 92' lang='lat' dir='ltr'><strong>hac</strong></span> 
     </span>
     <span class='ocr_line' id='line_1_9' title="bbox 194 1317 1311 1416; baseline 0.001 -26"><span class='ocrx_word' id='word_1_55' title='bbox 194 1333 304 1391; x_wconf 90' lang='lat' dir='ltr'><strong>nocte</strong></span> <span class='ocrx_word' id='word_1_56' title='bbox 333 1317 504 1403; x_wconf 87' lang='lat' dir='ltr'><strong>dormire,</strong></span> <span class='ocrx_word' id='word_1_57' title='bbox 539 1344 606 1390; x_wconf 92' lang='lat' dir='ltr'><strong>nec</strong></span> <span class='ocrx_word' id='word_1_58' title='bbox 634 1319 682 1391; x_wconf 90' lang='lat' dir='ltr'><strong>ad</strong></span> <span class='ocrx_word' id='word_1_59' title='bbox 710 1318 893 1391; x_wconf 89' lang='lat' dir='ltr'><strong>orandum</strong></span> <span class='ocrx_word' id='word_1_60' title='bbox 922 1334 1069 1391; x_wconf 90' lang='lat' dir='ltr'><strong>erectus</strong></span> <span class='ocrx_word' id='word_1_61' title='bbox 1100 1318 1311 1416; x_wconf 85' lang='lat' dir='ltr'><strong>persistere.</strong></span> 
     </span>
     <span class='ocr_line' id='line_1_10' title="bbox 194 1424 1315 1522; baseline 0 -25"><span class='ocrx_word' id='word_1_62' title='bbox 194 1425 339 1497; x_wconf 83' lang='lat' dir='ltr'><strong>Tremit</strong></span> <span class='ocrx_word' id='word_1_63' title='bbox 366 1440 487 1522; x_wconf 82' lang='lat' dir='ltr'><strong>caput.</strong></span> <span class='ocrx_word' id='word_1_64' title='bbox 510 1450 635 1521; x_wconf 84' lang='lat' dir='ltr'><strong>genua</strong></span> <span class='ocrx_word' id='word_1_65' title='bbox 662 1424 905 1507; x_wconf 89' lang='lat' dir='ltr'><strong>collabuntur,</strong></span> <span class='ocrx_word' id='word_1_66' title='bbox 936 1441 976 1497; x_wconf 95' lang='lat' dir='ltr'><strong>et</strong></span> <span class='ocrx_word' id='word_1_67' title='bbox 1002 1441 1081 1497; x_wconf 88' lang='lat' dir='ltr'><strong>tota</strong></span> <span class='ocrx_word' id='word_1_68' title='bbox 1106 1425 1315 1498; x_wconf 90' lang='lat' dir='ltr'><strong>concutitur</strong></span> 
     </span>
     <span class='ocr_line' id='line_1_11' title="bbox 127 1530 1311 1628; baseline 0.003 -28"><span class='ocrx_word' id='word_1_69' title='bbox 127 1555 167 1601; x_wconf 91' lang='lat'><strong>10</strong></span> <span class='ocrx_word' id='word_1_70' title='bbox 195 1531 367 1604; x_wconf 90' lang='lat' dir='ltr'><strong>machina</strong></span> <span class='ocrx_word' id='word_1_71' title='bbox 395 1530 607 1628; x_wconf 65' lang='lat' dir='ltr'><strong>corporalis</strong></span> <span class='ocrx_word' id='word_1_72' title='bbox 629 1532 681 1604; x_wconf 89' lang='lat' dir='ltr'><strong>uti</strong></span> <span class='ocrx_word' id='word_1_73' title='bbox 710 1531 956 1603; x_wconf 89' lang='lat' dir='ltr'><strong>comedissem</strong></span> <span class='ocrx_word' id='word_1_74' title='bbox 985 1556 1122 1628; x_wconf 87' lang='lat' dir='ltr'><strong>panem</strong></span> <span class='ocrx_word' id='word_1_75' title='bbox 1141 1532 1191 1605; x_wconf 91' lang='lat' dir='ltr'><strong>de</strong></span> <span class='ocrx_word' id='word_1_76' title='bbox 1213 1532 1311 1605; x_wconf 86' lang='lat' dir='ltr'><strong>lolin.</strong></span> 
     </span>
     <span class='ocr_line' id='line_1_12' title="bbox 196 1636 1315 1736; baseline -0.001 -24"><span class='ocrx_word' id='word_1_77' title='bbox 196 1638 331 1720; x_wconf 89' lang='lat' dir='ltr'><strong>Cred0‚</strong></span> <span class='ocrx_word' id='word_1_78' title='bbox 362 1639 491 1735; x_wconf 86' lang='lat' dir='ltr'><strong>inquit,</strong></span> <span class='ocrx_word' id='word_1_79' title='bbox 522 1638 622 1734; x_wconf 91' lang='lat' dir='ltr'><strong>quod</strong></span> <span class='ocrx_word' id='word_1_80' title='bbox 651 1637 820 1710; x_wconf 89' lang='lat' dir='ltr'><strong>diabolus</strong></span> <span class='ocrx_word' id='word_1_81' title='bbox 852 1655 1003 1710; x_wconf 88' lang='lat' dir='ltr'><strong>maneat</strong></span> <span class='ocrx_word' id='word_1_82' title='bbox 1031 1636 1067 1710; x_wconf 93' lang='lat' dir='ltr'><strong>in</strong></span> <span class='ocrx_word' id='word_1_83' title='bbox 1096 1639 1168 1711; x_wconf 90' lang='lat' dir='ltr'><strong>hoc</strong></span> <span class='ocrx_word' id='word_1_84' title='bbox 1196 1639 1315 1736; x_wconf 91' lang='lat' dir='ltr'><strong>pulvi-</strong></span> 
     </span>
     <span class='ocr_line' id='line_1_13' title="bbox 195 1743 1311 1842; baseline 0 -25"><span class='ocrx_word' id='word_1_85' title='bbox 195 1745 284 1827; x_wconf 89' lang='lat' dir='ltr'><strong>nari,</strong></span> <span class='ocrx_word' id='word_1_86' title='bbox 316 1748 417 1841; x_wconf 92' lang='lat' dir='ltr'><strong>quod</strong></span> <span class='ocrx_word' id='word_1_87' title='bbox 446 1745 493 1817; x_wconf 93' lang='lat' dir='ltr'><strong>ad</strong></span> <span class='ocrx_word' id='word_1_88' title='bbox 522 1761 634 1841; x_wconf 90' lang='lat' dir='ltr'><strong>caput</strong></span> <span class='ocrx_word' id='word_1_89' title='bbox 662 1745 794 1817; x_wconf 89' lang='lat' dir='ltr'><strong>habeo.</strong></span> <span class='ocrx_word' id='word_1_90' title='bbox 852 1743 960 1816; x_wconf 89' lang='lat' dir='ltr'><strong>Tolle</strong></span> <span class='ocrx_word' id='word_1_91' title='bbox 989 1744 1088 1827; x_wconf 88' lang='lat' dir='ltr'><strong>illud,</strong></span> <span class='ocrx_word' id='word_1_92' title='bbox 1121 1746 1207 1842; x_wconf 90' lang='lat' dir='ltr'><strong>qnia</strong></span> <span class='ocrx_word' id='word_1_93' title='bbox 1236 1746 1311 1817; x_wconf 89' lang='lat' dir='ltr'><strong>dia·</strong></span> 
     </span>
     <span class='ocr_line' id='line_1_14' title="bbox 194 1850 1313 1948; baseline -0.001 -23"><span class='ocrx_word' id='word_1_94' title='bbox 194 1852 321 1925; x_wconf 94' lang='lat' dir='ltr'><strong>bolum</strong></span> <span class='ocrx_word' id='word_1_95' title='bbox 349 1853 397 1924; x_wconf 91' lang='lat' dir='ltr'><strong>ad</strong></span> <span class='ocrx_word' id='word_1_96' title='bbox 426 1867 538 1948; x_wconf 89' lang='lat' dir='ltr'><strong>caput</strong></span> <span class='ocrx_word' id='word_1_97' title='bbox 574 1850 725 1925; x_wconf 89' lang='lat' dir='ltr'><strong>ulterius</strong></span> <span class='ocrx_word' id='word_1_98' title='bbox 762 1850 859 1923; x_wconf 92' lang='lat' dir='ltr'><strong>nolo.</strong></span> <span class='ocrx_word' id='word_1_99' title='bbox 924 1850 1091 1944; x_wconf 85' lang='lat' dir='ltr'><strong>Querulo</strong></span> <span class='ocrx_word' id='word_1_100' title='bbox 1125 1877 1313 1924; x_wconf 89' lang='lat' dir='ltr'><strong>murmure</strong></span> 
     </span>
     <span class='ocr_line' id='line_1_15' title="bbox 194 1956 1314 2056; baseline -0.003 -24"><span class='ocrx_word' id='word_1_101' title='bbox 194 1960 290 2056; x_wconf 87' lang='lat' dir='ltr'><strong>patri</strong></span> <span class='ocrx_word' id='word_1_102' title='bbox 319 1959 541 2055; x_wconf 90' lang='lat' dir='ltr'><strong>compatitur</strong></span> <span class='ocrx_word' id='word_1_103' title='bbox 560 1959 683 2039; x_wconf 86' lang='lat' dir='ltr'><strong>frater,</strong></span> <span class='ocrx_word' id='word_1_104' title='bbox 705 1976 743 2031; x_wconf 91' lang='lat' dir='ltr'><strong>et</strong></span> <span class='ocrx_word' id='word_1_105' title='bbox 772 1959 977 2053; x_wconf 90' lang='lat' dir='ltr'><strong>proiectum</strong></span> <span class='ocrx_word' id='word_1_106' title='bbox 1007 1958 1055 2031; x_wconf 92' lang='lat' dir='ltr'><strong>ad</strong></span> <span class='ocrx_word' id='word_1_107' title='bbox 1085 1983 1125 2030; x_wconf 90' lang='lat' dir='ltr'><strong>se</strong></span> <span class='ocrx_word' id='word_1_108' title='bbox 1146 1956 1314 2054; x_wconf 88' lang='lat' dir='ltr'><strong>pulvinar</strong></span> 
     </span>
     <span class='ocr_line' id='line_1_16' title="bbox 128 2063 1312 2163; baseline 0.001 -29"><span class='ocrx_word' id='word_1_109' title='bbox 128 2089 164 2153; x_wconf 82' lang='lat'><strong>15</strong></span> <span class='ocrx_word' id='word_1_110' title='bbox 194 2065 329 2163; x_wconf 88' lang='lat' dir='ltr'><strong>accipit</strong></span> <span class='ocrx_word' id='word_1_111' title='bbox 356 2082 396 2138; x_wconf 92' lang='lat' dir='ltr'><strong>ut</strong></span> <span class='ocrx_word' id='word_1_112' title='bbox 424 2081 600 2160; x_wconf 89' lang='lat' dir='ltr'><strong>asportet.</strong></span> <span class='ocrx_word' id='word_1_113' title='bbox 658 2065 799 2137; x_wconf 84' lang='lat' dir='ltr'><strong>Exiens</strong></span> <span class='ocrx_word' id='word_1_114' title='bbox 828 2064 953 2160; x_wconf 83' lang='lat' dir='ltr'><strong>itaque</strong></span> <span class='ocrx_word' id='word_1_115' title='bbox 983 2065 1106 2136; x_wconf 88' lang='lat' dir='ltr'><strong>subito</strong></span> <span class='ocrx_word' id='word_1_116' title='bbox 1126 2063 1312 2160; x_wconf 85' lang='lat' dir='ltr'><strong>loquelam</strong></span> 
     </span>
     <span class='ocr_line' id='line_1_17' title="bbox 194 2169 1315 2268; baseline -0.003 -24"><span class='ocrx_word' id='word_1_117' title='bbox 194 2172 338 2255; x_wconf 89' lang='lat' dir='ltr'><strong>amittit,</strong></span> <span class='ocrx_word' id='word_1_118' title='bbox 371 2188 409 2245; x_wconf 91' lang='lat' dir='ltr'><strong>et</strong></span> <span class='ocrx_word' id='word_1_119' title='bbox 440 2188 544 2244; x_wconf 89' lang='lat' dir='ltr'><strong>tanto</strong></span> <span class='ocrx_word' id='word_1_120' title='bbox 573 2173 725 2243; x_wconf 90' lang='lat' dir='ltr'><strong>horrore</strong></span> <span class='ocrx_word' id='word_1_121' title='bbox 755 2171 934 2268; x_wconf 90' lang='lat' dir='ltr'><strong>premitur</strong></span> <span class='ocrx_word' id='word_1_122' title='bbox 962 2195 1006 2242; x_wconf 92' lang='lat' dir='ltr'><strong>ac</strong></span> <span class='ocrx_word' id='word_1_123' title='bbox 1035 2169 1180 2268; x_wconf 85' lang='lat' dir='ltr'><strong>ligatur,</strong></span> <span class='ocrx_word' id='word_1_124' title='bbox 1212 2170 1315 2267; x_wconf 91' lang='lat' dir='ltr'><strong>quod</strong></span> 
     </span>
     <span class='ocr_line' id='line_1_18' title="bbox 196 2276 1314 2375; baseline 0 -25"><span class='ocrx_word' id='word_1_125' title='bbox 196 2303 265 2351; x_wconf 91' lang='lat' dir='ltr'><strong>nec</strong></span> <span class='ocrx_word' id='word_1_126' title='bbox 284 2280 401 2375; x_wconf 88' lang='lat' dir='ltr'><strong>pedes</strong></span> <span class='ocrx_word' id='word_1_127' title='bbox 420 2278 468 2351; x_wconf 89' lang='lat' dir='ltr'><strong>de</strong></span> <span class='ocrx_word' id='word_1_128' title='bbox 487 2278 571 2351; x_wconf 92' lang='lat' dir='ltr'><strong>loco</strong></span> <span class='ocrx_word' id='word_1_129' title='bbox 591 2303 751 2360; x_wconf 85' lang='lat' dir='ltr'><strong>movere,</strong></span> <span class='ocrx_word' id='word_1_130' title='bbox 775 2304 844 2350; x_wconf 93' lang='lat' dir='ltr'><strong>nec</strong></span> <span class='ocrx_word' id='word_1_131' title='bbox 867 2276 1018 2351; x_wconf 89' lang='lat' dir='ltr'><strong>brachia</strong></span> <span class='ocrx_word' id='word_1_132' title='bbox 1040 2303 1228 2374; x_wconf 88' lang='lat' dir='ltr'><strong>quoquam</strong></span> <span class='ocrx_word' id='word_1_133' title='bbox 1251 2278 1314 2350; x_wconf 90' lang='lat' dir='ltr'><strong>du·</strong></span> 
     </span>
     <span class='ocr_line' id='line_1_19' title="bbox 196 2384 1314 2483; baseline -0.001 -23"><span class='ocrx_word' id='word_1_134' title='bbox 196 2411 281 2460; x_wconf 91' lang='lat' dir='ltr'><strong>cere</strong></span> <span class='ocrx_word' id='word_1_135' title='bbox 309 2384 509 2483; x_wconf 88' lang='lat' dir='ltr'><strong>praevalet.</strong></span> <span class='ocrx_word' id='word_1_136' title='bbox 568 2387 656 2459; x_wconf 91' lang='lat' dir='ltr'><strong>Post</strong></span> <span class='ocrx_word' id='word_1_137' title='bbox 676 2384 863 2458; x_wconf 92' lang='lat' dir='ltr'><strong>modicum</strong></span> <span class='ocrx_word' id='word_1_138' title='bbox 883 2409 904 2457; x_wconf 92' lang='lat' dir='ltr'><strong>a</strong></span> <span class='ocrx_word' id='word_1_139' title='bbox 924 2400 1055 2457; x_wconf 88' lang='lat' dir='ltr'><strong>sancto</strong></span> <span class='ocrx_word' id='word_1_140' title='bbox 1075 2386 1137 2481; x_wconf 88' lang='lat' dir='ltr'><strong>qui</strong></span> <span class='ocrx_word' id='word_1_141' title='bbox 1158 2387 1229 2458; x_wconf 95' lang='lat' dir='ltr'><strong>hoc</strong></span> <span class='ocrx_word' id='word_1_142' title='bbox 1256 2410 1314 2459; x_wconf 90' lang='lat' dir='ltr'><strong>co·</strong></span> 
     </span>
     <span class='ocr_line' id='line_1_20' title="bbox 196 2493 1315 2592; baseline 0.001 -27"><span class='ocrx_word' id='word_1_143' title='bbox 196 2493 327 2592; x_wconf 83' lang='lat' dir='ltr'><strong>gnovit</strong></span> <span class='ocrx_word' id='word_1_144' title='bbox 357 2511 523 2576; x_wconf 83' lang='lat' dir='ltr'><strong>vocatus,</strong></span> <span class='ocrx_word' id='word_1_145' title='bbox 555 2494 648 2566; x_wconf 90' lang='lat' dir='ltr'><strong>liber</strong></span> <span class='ocrx_word' id='word_1_146' title='bbox 680 2493 847 2586; x_wconf 80' lang='lat' dir='ltr'><strong>efficitur,</strong></span> <span class='ocrx_word' id='word_1_147' title='bbox 870 2493 965 2565; x_wconf 89' lang='lat' dir='ltr'><strong>redit</strong></span> <span class='ocrx_word' id='word_1_148' title='bbox 993 2510 1032 2565; x_wconf 90' lang='lat' dir='ltr'><strong>et</strong></span> <span class='ocrx_word' id='word_1_149' title='bbox 1060 2509 1184 2565; x_wconf 88' lang='lat' dir='ltr'><strong>narrat</strong></span> <span class='ocrx_word' id='word_1_150' title='bbox 1218 2518 1315 2589; x_wconf 89' lang='lat' dir='ltr'><strong>quae</strong></span> 
     </span>
     <span class='ocr_line' id='line_1_21' title="bbox 126 2599 1314 2699; baseline 0.003 -31"><span class='ocrx_word' id='word_1_151' title='bbox 126 2621 168 2668; x_wconf 93' lang='lat'><strong>20</strong></span> <span class='ocrx_word' id='word_1_152' title='bbox 196 2626 328 2699; x_wconf 90' lang='lat' dir='ltr'><strong>passus</strong></span> <span class='ocrx_word' id='word_1_153' title='bbox 346 2615 413 2672; x_wconf 87' lang='lat' dir='ltr'><strong>est.</strong></span> <span class='ocrx_word' id='word_1_154' title='bbox 473 2600 542 2672; x_wconf 87' lang='lat' dir='ltr'><strong>Cui</strong></span> <span class='ocrx_word' id='word_1_155' title='bbox 563 2600 657 2672; x_wconf 86' lang='lat' dir='ltr'><strong>dixit</strong></span> <span class='ocrx_word' id='word_1_156' title='bbox 675 2615 843 2672; x_wconf 88' lang='lat' dir='ltr'><strong>sanctus:</strong></span> <span class='ocrx_word' id='word_1_157' title='bbox 866 2601 908 2672; x_wconf 91' lang='lat' dir='ltr'><strong>In</strong></span> <span class='ocrx_word' id='word_1_158' title='bbox 927 2624 1023 2683; x_wconf 84' lang='lat' dir='ltr'><strong>ser0,</strong></span> <span class='ocrx_word' id='word_1_159' title='bbox 1046 2626 1130 2672; x_wconf 90' lang='lat' dir='ltr'><strong>curn</strong></span> <span class='ocrx_word' id='word_1_160' title='bbox 1150 2599 1314 2672; x_wconf 88' lang='lat' dir='ltr'><strong>dicerem</strong></span> 
     </span>
     <span class='ocr_line' id='line_1_22' title="bbox 197 2705 1314 2804; baseline -0.001 -24"><span class='ocrx_word' id='word_1_161' title='bbox 197 2707 489 2803; x_wconf 89' lang='lat' dir='ltr'><strong>completorium,</strong></span> <span class='ocrx_word' id='word_1_162' title='bbox 520 2705 661 2803; x_wconf 91' lang='lat' dir='ltr'><strong>liquido</strong></span> <span class='ocrx_word' id='word_1_163' title='bbox 696 2707 856 2804; x_wconf 82' lang='lat' dir='ltr'><strong>cognovi</strong></span> <span class='ocrx_word' id='word_1_164' title='bbox 891 2705 1081 2779; x_wconf 91' lang='lat' dir='ltr'><strong>diabolum</strong></span> <span class='ocrx_word' id='word_1_165' title='bbox 1109 2706 1238 2779; x_wconf 86' lang='lat' dir='ltr'><strong>venire</strong></span> <span class='ocrx_word' id='word_1_166' title='bbox 1266 2707 1314 2779; x_wconf 89' lang='lat' dir='ltr'><strong>ad</strong></span> 
     </span>
     <span class='ocr_line' id='line_1_23' title="bbox 197 2811 1315 2886; baseline 0.001 -1"><span class='ocrx_word' id='word_1_167' title='bbox 197 2812 338 2886; x_wconf 93' lang='lat' dir='ltr'><strong>cellam.</strong></span> <span class='ocrx_word' id='word_1_168' title='bbox 396 2813 446 2885; x_wconf 91' lang='lat' dir='ltr'><strong>Et</strong></span> <span class='ocrx_word' id='word_1_169' title='bbox 482 2840 624 2886; x_wconf 90' lang='lat' dir='ltr'><strong>rursus:</strong></span> <span class='ocrx_word' id='word_1_170' title='bbox 655 2814 814 2886; x_wconf 87' lang='lat' dir='ltr'><strong>Multum</strong></span> <span class='ocrx_word' id='word_1_171' title='bbox 843 2829 988 2886; x_wconf 90' lang='lat' dir='ltr'><strong>astutus</strong></span> <span class='ocrx_word' id='word_1_172' title='bbox 1016 2829 1054 2885; x_wconf 90' lang='lat' dir='ltr'><strong>et</strong></span> <span class='ocrx_word' id='word_1_173' title='bbox 1091 2811 1235 2886; x_wconf 90' lang='lat' dir='ltr'><strong>subtilis</strong></span> <span class='ocrx_word' id='word_1_174' title='bbox 1265 2814 1315 2886; x_wconf 91' lang='lat' dir='ltr'><strong>in·</strong></span> 
     </span>
     <span class='ocr_line' id='line_1_24' title="bbox 196 2919 1316 3018; baseline 0.001 -26"><span class='ocrx_word' id='word_1_175' title='bbox 196 2920 297 3018; x_wconf 84' lang='lat' dir='ltr'><strong>genii</strong></span> <span class='ocrx_word' id='word_1_176' title='bbox 327 2934 453 2992; x_wconf 89' lang='lat' dir='ltr'><strong>noster</strong></span> <span class='ocrx_word' id='word_1_177' title='bbox 485 2937 542 2992; x_wconf 91' lang='lat' dir='ltr'><strong>est</strong></span> <span class='ocrx_word' id='word_1_178' title='bbox 571 2919 749 3003; x_wconf 88' lang='lat' dir='ltr'><strong>inimicus,</strong></span> <span class='ocrx_word' id='word_1_179' title='bbox 785 2921 848 3017; x_wconf 92' lang='lat' dir='ltr'><strong>qui</strong></span> <span class='ocrx_word' id='word_1_180' title='bbox 878 2946 962 2992; x_wconf 92' lang='lat' dir='ltr'><strong>cum</strong></span> <span class='ocrx_word' id='word_1_181' title='bbox 991 2919 1089 2993; x_wconf 90' lang='lat' dir='ltr'><strong>intus</strong></span> <span class='ocrx_word' id='word_1_182' title='bbox 1122 2920 1157 2993; x_wconf 94' lang='lat' dir='ltr'><strong>in</strong></span> <span class='ocrx_word' id='word_1_183' title='bbox 1190 2920 1316 2993; x_wconf 88' lang='lat' dir='ltr'><strong>anima</strong></span> 
     </span>
     <span class='ocr_line' id='line_1_25' title="bbox 198 3026 1315 3125; baseline -0.001 -26"><span class='ocrx_word' id='word_1_184' title='bbox 198 3052 333 3100; x_wconf 89' lang='lat' dir='ltr'><strong>nocere</strong></span> <span class='ocrx_word' id='word_1_185' title='bbox 361 3052 435 3099; x_wconf 92' lang='lat' dir='ltr'><strong>non</strong></span> <span class='ocrx_word' id='word_1_186' title='bbox 456 3028 584 3124; x_wconf 90' lang='lat' dir='ltr'><strong>possit,</strong></span> <span class='ocrx_word' id='word_1_187' title='bbox 606 3026 736 3099; x_wconf 91' lang='lat' dir='ltr'><strong>saltem</strong></span> <span class='ocrx_word' id='word_1_188' title='bbox 766 3027 911 3125; x_wconf 90' lang='lat' dir='ltr'><strong>corpori</strong></span> <span class='ocrx_word' id='word_1_189' title='bbox 933 3044 1098 3122; x_wconf 89' lang='lat' dir='ltr'><strong>praestat</strong></span> <span class='ocrx_word' id='word_1_190' title='bbox 1122 3027 1315 3099; x_wconf 90' lang='lat' dir='ltr'><strong>materiam</strong></span> 
     </span>
     <span class='ocr_line' id='line_1_26' title="bbox 128 3132 1315 3230; baseline 0.003 -29"><span class='ocrx_word' id='word_1_191' title='bbox 128 3153 169 3218; x_wconf 82' lang='lat'><strong>25</strong></span> <span class='ocrx_word' id='word_1_192' title='bbox 198 3133 460 3206; x_wconf 90' lang='lat' dir='ltr'><strong>murmurandi.</strong></span> <span class='ocrx_word' id='word_1_193' title='bbox 518 3133 685 3207; x_wconf 83' lang='lat' dir='ltr'><strong>Audiant</strong></span> <span class='ocrx_word' id='word_1_194' title='bbox 705 3134 765 3230; x_wconf 93' lang='lat' dir='ltr'><strong>qui</strong></span> <span class='ocrx_word' id='word_1_195' title='bbox 796 3132 967 3230; x_wconf 86' lang='lat' dir='ltr'><strong>pulvillos</strong></span> <span class='ocrx_word' id='word_1_196' title='bbox 987 3134 1056 3205; x_wconf 89' lang='lat' dir='ltr'><strong>sub</strong></span> <span class='ocrx_word' id='word_1_197' title='bbox 1075 3133 1315 3206; x_wconf 89' lang='lat' dir='ltr'><strong>omnilatere</strong></span> 
     </span>
     <span class='ocr_line' id='line_1_27' title="bbox 197 3238 1314 3337; baseline -0.002 -24"><span class='ocrx_word' id='word_1_198' title='bbox 197 3257 430 3337; x_wconf 89' lang='lat' dir='ltr'><strong>praeparant,</strong></span> <span class='ocrx_word' id='word_1_199' title='bbox 468 3258 508 3312; x_wconf 89' lang='lat' dir='ltr'><strong>ut</strong></span> <span class='ocrx_word' id='word_1_200' title='bbox 545 3265 782 3337; x_wconf 90' lang='lat' dir='ltr'><strong>quocumque</strong></span> <span class='ocrx_word' id='word_1_201' title='bbox 824 3242 960 3313; x_wconf 84' lang='lat' dir='ltr'><strong>cadant</strong></span> <span class='ocrx_word' id='word_1_202' title='bbox 1001 3239 1235 3337; x_wconf 88' lang='lat' dir='ltr'><strong>excipiantur</strong></span> <span class='ocrx_word' id='word_1_203' title='bbox 1278 3238 1314 3312; x_wconf 91' lang='lat' dir='ltr'><strong>in</strong></span> 
     </span>
     <span class='ocr_line' id='line_1_28' title="bbox 199 3344 1315 3444; baseline -0.001 -24"><span class='ocrx_word' id='word_1_204' title='bbox 199 3347 378 3420; x_wconf 90' lang='lat' dir='ltr'><strong>mollibus.</strong></span> <span class='ocrx_word' id='word_1_205' title='bbox 436 3348 616 3421; x_wconf 89' lang='lat' dir='ltr'><strong>Libenter</strong></span> <span class='ocrx_word' id='word_1_206' title='bbox 643 3347 809 3443; x_wconf 91' lang='lat' dir='ltr'><strong>sequitur</strong></span> <span class='ocrx_word' id='word_1_207' title='bbox 833 3344 1061 3444; x_wconf 90' lang='lat' dir='ltr'><strong>opulentiam</strong></span> <span class='ocrx_word' id='word_1_208' title='bbox 1089 3372 1212 3419; x_wconf 89' lang='lat' dir='ltr'><strong>rerum</strong></span> <span class='ocrx_word' id='word_1_209' title='bbox 1241 3345 1315 3419; x_wconf 91' lang='lat' dir='ltr'><strong>dia-</strong></span> 
     </span>
     <span class='ocr_line' id='line_1_29' title="bbox 197 3453 1314 3551; baseline -0.003 -25"><span class='ocrx_word' id='word_1_210' title='bbox 197 3453 313 3538; x_wconf 91' lang='lat' dir='ltr'><strong>bolus,</strong></span> <span class='ocrx_word' id='word_1_211' title='bbox 336 3454 441 3527; x_wconf 89' lang='lat' dir='ltr'><strong>lectis</strong></span> <span class='ocrx_word' id='word_1_212' title='bbox 460 3454 631 3551; x_wconf 89' lang='lat' dir='ltr'><strong>pretiosis</strong></span> <span class='ocrx_word' id='word_1_213' title='bbox 651 3454 793 3551; x_wconf 85' lang='lat' dir='ltr'><strong>gaudet</strong></span> <span class='ocrx_word' id='word_1_214' title='bbox 806 3454 990 3538; x_wconf 89' lang='lat' dir='ltr'><strong>assistere,</strong></span> <span class='ocrx_word' id='word_1_215' title='bbox 1013 3454 1231 3550; x_wconf 86' lang='lat' dir='ltr'><strong>praesertim</strong></span> <span class='ocrx_word' id='word_1_216' title='bbox 1253 3453 1314 3525; x_wconf 93' lang='lat' dir='ltr'><strong>ubi</strong></span> 
     </span>
     <span class='ocr_line' id='line_1_30' title="bbox 199 3559 1315 3658; baseline -0.001 -26"><span class='ocrx_word' id='word_1_217' title='bbox 199 3561 401 3634; x_wconf 88' lang='lat' dir='ltr'><strong>necessitas</strong></span> <span class='ocrx_word' id='word_1_218' title='bbox 438 3586 512 3633; x_wconf 92' lang='lat' dir='ltr'><strong>non</strong></span> <span class='ocrx_word' id='word_1_219' title='bbox 541 3560 644 3658; x_wconf 85' lang='lat' dir='ltr'><strong>cogit</strong></span> <span class='ocrx_word' id='word_1_220' title='bbox 671 3576 710 3632; x_wconf 93' lang='lat' dir='ltr'><strong>et</strong></span> <span class='ocrx_word' id='word_1_221' title='bbox 736 3559 918 3658; x_wconf 81' lang='lat' dir='ltr'><strong>professio</strong></span> <span class='ocrx_word' id='word_1_222' title='bbox 947 3560 1176 3634; x_wconf 90' lang='lat' dir='ltr'><strong>contradicit.</strong></span> <span class='ocrx_word' id='word_1_223' title='bbox 1235 3560 1315 3632; x_wconf 91' lang='lat' dir='ltr'><strong>Nec</strong></span> 
     </span>
     <span class='ocr_line' id='line_1_31' title="bbox 132 3665 1316 3765; baseline -0.002 -25"><span class='ocrx_word' id='word_1_224' title='bbox 132 3686 172 3750; x_wconf 83' lang='lat'><strong>30</strong></span> <span class='ocrx_word' id='word_1_225' title='bbox 199 3667 319 3740; x_wconf 90' lang='lat' dir='ltr'><strong>minus</strong></span> <span class='ocrx_word' id='word_1_226' title='bbox 346 3667 520 3765; x_wconf 88' lang='lat' dir='ltr'><strong>antiquus</strong></span> <span class='ocrx_word' id='word_1_227' title='bbox 548 3693 701 3764; x_wconf 89' lang='lat' dir='ltr'><strong>serpens</strong></span> <span class='ocrx_word' id='word_1_228' title='bbox 730 3669 869 3740; x_wconf 89' lang='lat' dir='ltr'><strong>nudum</strong></span> <span class='ocrx_word' id='word_1_229' title='bbox 899 3666 1087 3740; x_wconf 90' lang='lat' dir='ltr'><strong>hominem</strong></span> <span class='ocrx_word' id='word_1_230' title='bbox 1109 3666 1214 3764; x_wconf 84' lang='lat' dir='ltr'><strong>sugit,</strong></span> <span class='ocrx_word' id='word_1_231' title='bbox 1237 3665 1316 3738; x_wconf 88' lang='lat' dir='ltr'><strong>sive</strong></span> 
     </span>
     <span class='ocr_line' id='line_1_32' title="bbox 199 3772 1317 3873; baseline -0.002 -27"><span class='ocrx_word' id='word_1_232' title='bbox 199 3799 378 3872; x_wconf 87' lang='lat' dir='ltr'><strong>spernens</strong></span> <span class='ocrx_word' id='word_1_233' title='bbox 407 3775 689 3847; x_wconf 88' lang='lat' dir='ltr'><strong>contubernium</strong></span> <span class='ocrx_word' id='word_1_234' title='bbox 718 3775 902 3873; x_wconf 90' lang='lat' dir='ltr'><strong>pauperis,</strong></span> <span class='ocrx_word' id='word_1_235' title='bbox 926 3774 1002 3846; x_wconf 87' lang='lat' dir='ltr'><strong>sive</strong></span> <span class='ocrx_word' id='word_1_236' title='bbox 1031 3798 1173 3869; x_wconf 90' lang='lat' dir='ltr'><strong>pavens</strong></span> <span class='ocrx_word' id='word_1_237' title='bbox 1192 3772 1317 3844; x_wconf 89' lang='lat' dir='ltr'><strong>altitu-</strong></span> 
     </span>
     <span class='ocr_line' id='line_1_33' title="bbox 200 3878 1315 3980; baseline -0.002 -28"><span class='ocrx_word' id='word_1_238' title='bbox 200 3881 323 3953; x_wconf 92' lang='lat' dir='ltr'><strong>dinem</strong></span> <span class='ocrx_word' id='word_1_239' title='bbox 351 3882 592 3980; x_wconf 87' lang='lat' dir='ltr'><strong>paupertatis.</strong></span> <span class='ocrx_word' id='word_1_240' title='bbox 659 3881 697 3953; x_wconf 83' lang='lat' dir='ltr'><strong>Si</strong></span> <span class='ocrx_word' id='word_1_241' title='bbox 726 3884 895 3955; x_wconf 87' lang='lat' dir='ltr'><strong>attendat</strong></span> <span class='ocrx_word' id='word_1_242' title='bbox 930 3882 1041 3954; x_wconf 89' lang='lat' dir='ltr'><strong>srater</strong></span> <span class='ocrx_word' id='word_1_243' title='bbox 1069 3878 1204 3978; x_wconf 87' lang='lat' dir='ltr'><strong>plumis</strong></span> <span class='ocrx_word' id='word_1_244' title='bbox 1233 3881 1315 3952; x_wconf 91' lang='lat' dir='ltr'><strong>sub-</strong></span> 
     </span>
     <span class='ocr_line' id='line_1_34' title="bbox 200 3988 1260 4085; baseline -0.002 -26"><span class='ocrx_word' id='word_1_245' title='bbox 200 4011 282 4060; x_wconf 87' lang='lat' dir='ltr'><strong>esse</strong></span> <span class='ocrx_word' id='word_1_246' title='bbox 310 3988 509 4071; x_wconf 80' lang='lat' dir='ltr'><strong>diabolum</strong></span> <span class='ocrx_word' id='word_1_247' title='bbox 533 4005 748 4061; x_wconf 90' lang='lat' dir='ltr'><strong>contentum</strong></span> <span class='ocrx_word' id='word_1_248' title='bbox 777 3990 846 4062; x_wconf 88' lang='lat' dir='ltr'><strong>erit</strong></span> <span class='ocrx_word' id='word_1_249' title='bbox 873 3988 981 4085; x_wconf 89' lang='lat' dir='ltr'><strong>palea</strong></span> <span class='ocrx_word' id='word_1_250' title='bbox 1009 4003 1122 4084; x_wconf 90' lang='lat' dir='ltr'><strong>caput</strong></span> <span class='ocrx_word' id='word_1_251' title='bbox 1141 4011 1260 4058; x_wconf 87' lang='lat' dir='ltr'><strong>suum.</strong></span> 
     </span>
    </p>
   </div>
   <div class='ocr_carea' id='block_1_3' title="bbox 200 4194 1316 4425">
    <p class='ocr_par' dir='ltr' id='par_1_3' title="bbox 200 4194 1316 4425">
     <span class='ocr_line' id='line_1_35' title="bbox 274 4194 1316 4272; baseline 0 -23"><span class='ocrx_word' id='word_1_252' title='bbox 274 4212 295 4249; x_wconf 93' lang='lat'><strong>1.</strong></span> <span class='ocrx_word' id='word_1_253' title='bbox 313 4198 336 4250; x_wconf 83' lang='lat' dir='ltr'><em>A</em></span> <span class='ocrx_word' id='word_1_254' title='bbox 350 4194 434 4247; x_wconf 85' lang='lat' dir='ltr'><strong>cultra</strong></span> <span class='ocrx_word' id='word_1_255' title='bbox 507 4195 530 4249; x_wconf 84' lang='lat'><strong>6.</strong></span> <span class='ocrx_word' id='word_1_256' title='bbox 545 4196 569 4248; x_wconf 86' lang='grc' dir='ltr'><em>Α</em></span> <span class='ocrx_word' id='word_1_257' title='bbox 583 4196 674 4265; x_wconf 81' lang='lat' dir='ltr'><strong>vigilia</strong></span> <span class='ocrx_word' id='word_1_258' title='bbox 688 4198 909 4272; x_wconf 65' lang='lat' dir='ltr'><strong>matutinalem</strong></span> <span class='ocrx_word' id='word_1_259' title='bbox 985 4213 1024 4251; x_wconf 80' lang='lat' dir='ltr'><strong>io.</strong></span> <span class='ocrx_word' id='word_1_260' title='bbox 1040 4199 1068 4251; x_wconf 74' lang='lat' dir='ltr'><strong>,ll</strong></span> <span class='ocrx_word' id='word_1_261' title='bbox 1082 4209 1110 4249; x_wconf 86' lang='lat' dir='ltr'><strong>nt</strong></span> <span class='ocrx_word' id='word_1_262' title='bbox 1186 4211 1280 4264; x_wconf 79' lang='lat'><strong>13-14.</strong></span> <span class='ocrx_word' id='word_1_263' title='bbox 1295 4197 1316 4249; x_wconf 88' lang='lat' dir='ltr'><em>R</em></span> 
     </span>
     <span class='ocr_line' id='line_1_36' title="bbox 200 4274 1316 4346; baseline 0.001 -19"><span class='ocrx_word' id='word_1_264' title='bbox 200 4276 330 4328; x_wconf 83' lang='lat' dir='ltr'><strong>murmuri</strong></span> <span class='ocrx_word' id='word_1_265' title='bbox 349 4274 431 4345; x_wconf 86' lang='lat' dir='ltr'><strong>patris</strong></span> <span class='ocrx_word' id='word_1_266' title='bbox 544 4274 583 4329; x_wconf 81' lang='lat'><strong>16.</strong></span> <span class='ocrx_word' id='word_1_267' title='bbox 606 4278 634 4329; x_wconf 75' lang='lat' dir='ltr'><strong>nl</strong></span> <span class='ocrx_word' id='word_1_268' title='bbox 656 4294 742 4330; x_wconf 82' lang='lat' dir='ltr'><strong>errore</strong></span> <span class='ocrx_word' id='word_1_269' title='bbox 850 4292 945 4346; x_wconf 79' lang='lat'><strong>25-33.</strong></span> <span class='ocrx_word' id='word_1_270' title='bbox 967 4278 995 4329; x_wconf 80' lang='lat' dir='ltr'><strong>ll</strong></span> <span class='ocrx_word' id='word_1_271' title='bbox 1014 4296 1064 4330; x_wconf 86' lang='lat' dir='ltr'><strong>om.</strong></span> <span class='ocrx_word' id='word_1_272' title='bbox 1084 4275 1316 4329; x_wconf 85' lang='lat' dir='ltr'><strong>Audiam-suum</strong></span> 
     </span>
     <span class='ocr_line' id='line_1_37' title="bbox 202 4352 483 4425; baseline 0 -18"><span class='ocrx_word' id='word_1_273' title='bbox 202 4352 242 4408; x_wconf 86' lang='lat'><strong>26.</strong></span> <span class='ocrx_word' id='word_1_274' title='bbox 259 4356 279 4407; x_wconf 91' lang='lat' dir='ltr'><em>R</em></span> <span class='ocrx_word' id='word_1_275' title='bbox 296 4370 483 4425; x_wconf 84' lang='lat' dir='ltr'><strong>quaecumque</strong></span> 
     </span>
    </p>
   </div>
   <div class='ocr_carea' id='block_1_4' title="bbox 627 4451 890 4459">
    <p class='ocr_par' dir='ltr' id='par_1_4' title="bbox 627 4451 890 4459">
     <span class='ocr_line' id='line_1_38' title="bbox 627 4451 890 4459; baseline -0.004 0"><span class='ocrx_word' id='word_1_276' title='bbox 627 4451 890 4459; x_wconf 75' lang='lat'><strong>——-———-——-</strong></span> 
     </span>
    </p>
   </div>
   <div class='ocr_carea' id='block_1_5' title="bbox 0 0 1582 4875">
    <p class='ocr_par' dir='ltr' id='par_1_5' title="bbox 0 0 1582 4875">
     <span class='ocr_line' id='line_1_39' title="bbox 0 0 1582 4875; baseline 0 0"><span class='ocrx_word' id='word_1_277' title='bbox 0 0 1582 4875; x_wconf 95' lang='lat' dir='ltr'><strong> </strong></span> 
     </span>
    </p>
   </div>
  </div>
 </body>
</html>
