3142 4875
252 313 301 380 66
650 331 822 380 nausson
850 331 962 379 muna

246 570 381 653 locum,
398 592 466 663 per
486 566 688 663 quemdam
704 567 867 649 fratrem,
887 565 1037 638 nomine
1052 565 1215 649 Petrum,
1233 591 1372 662 equum

247 673 388 748 remisit
424 673 473 746 ad
501 673 621 744 virum
659 672 771 756 illum,
804 671 867 768 qui
904 671 972 744 sibi
1011 697 1096 745 eum
1135 689 1373 746 concesserat

248 780 380 854 intuitu
411 780 611 854 charitatis.
675 779 807 852 Frater
842 780 974 852 Petrus
1015 780 1199 853 reducens
1233 805 1371 876 equum

246 913 314 986 per
334 888 431 986 viam
460 885 560 959 illam
588 885 767 968 transivit,
793 885 924 981 inqua
953 884 1084 958 mulier
1112 887 1368 983 torquebatur.

248 997 373 1090 Quem
401 994 573 1066 videntes
600 991 667 1065 viri
697 1008 819 1065 terrae
848 992 943 1064 illius
972 992 1094 1065 festini
1130 1009 1373 1065 cucurrerunt
1403 1018 1419 1081 5

247 1104 295 1175 ad
324 1127 420 1184 eum,
452 1116 628 1197 putantes
656 1099 778 1197 ipsum
814 1124 898 1173 esse
934 1100 1086 1172 beatum
1115 1100 1368 1186 Franciscum,

248 1208 315 1280 sed
344 1223 618 1304 cognoscentes
638 1206 758 1302 ipsum
781 1205 855 1278 nen
884 1231 978 1290 esse,
1001 1206 1134 1279 tristati
1155 1224 1241 1279 sunt
1259 1206 1372 1279 valde

250 1314 368 1394 nimis,
412 1313 584 1386 Tandem
601 1329 807 1409 coeperunt
822 1338 1004 1408 quaerere
1019 1314 1115 1385 inter
1133 1339 1173 1385 se
1194 1314 1224 1385 si
1243 1330 1372 1410 posset

248 1441 308 1494 res
344 1419 468 1518 aliqua
505 1418 671 1502 inveniri,
711 1445 824 1515 quam
864 1445 976 1491 manu
1013 1420 1200 1517 tetigisset
1237 1422 1369 1493 beatus

248 1527 481 1601 Franciseus.
540 1526 713 1622 Cumque
733 1526 768 1598 in
790 1526 847 1598 his
875 1527 938 1598 diu
968 1528 1186 1623 quaerendo
1205 1527 1372 1600 facerent
1407 1551 1446 1597 10

247 1660 403 1718 moram,
434 1635 586 1706 demum
615 1633 838 1705 invenerunt
857 1632 949 1706 [reni
979 1634 1156 1719 habenas,
1178 1659 1272 1731 quas
1292 1634 1371 1731 ipse

249 1767 361 1813 manu
381 1757 553 1814 tenuerat
580 1739 795 1836 equitando,
819 1741 1136 1836 extrahentesque
1157 1741 1302 1813 frenum
1323 1767 1371 1813 ex

248 1847 334 1944 equi
364 1874 438 1931 ore,
462 1847 520 1920 cni
549 1863 701 1919 sanctus
729 1863 837 1943 pater
865 1845 1063 1931 insederat,
1086 1863 1293 1944 posuerunt
1314 1873 1372 1920 su·

247 1981 316 2053 per
345 1956 537 2027 mulierem
567 1954 744 2037 habenas,
776 1979 870 2050 quas
899 1953 1058 2050 propriis
1087 1955 1259 2027 manibus
1287 1979 1373 2027 con·

247 2063 471 2135 trec'taverat
499 2060 598 2159 ipse;
622 2086 719 2157 quae
748 2060 1004 2144 incontinenti,
1028 2077 1174 2134 remoto
1193 2061 1370 2158 periculo,
1408 2083 1446 2147 15

250 2195 334 2241 cum
364 2167 504 2266 gaudio
532 2167 678 2265 peperit
706 2183 744 2240 et
772 2168 901 2240 salute.

330 2281 391 2367 64.
450 2273 747 2366 GualfrednciuS,
780 2274 955 2346 Castrum
990 2273 1113 2347 Plebis
1147 2273 1370 2360 inhabitans

249 2383 362 2456 homo
391 2381 599 2479 religiosus
629 2381 765 2455 timens
794 2397 831 2454 et
860 2383 986 2454 colens
1005 2382 1130 2455 Deum
1158 2406 1242 2455 cum
1271 2381 1372 2456 omni

249 2491 363 2562 domo
391 2515 468 2573 sna,
501 2489 680 2562 chordam
708 2490 810 2585 apud
848 2515 888 2561 se
926 2490 1098 2572 habebat,
1131 2515 1205 2586 qua
1240 2491 1373 2563 beatus

147 2646 149 2649 ·
249 2596 470 2670 Franciscus
512 2597 740 2692 quandoque
781 2596 993 2668 succinctus
1022 2596 1152 2670 suerat.
1222 2597 1373 2669 Accidit
1403 2612 1448 2660 20

249 2718 375 2777 antem
404 2720 444 2775 ut
472 2704 508 2775 in
538 2719 637 2776 terra
672 2702 733 2775 illa
768 2702 836 2775 viri
873 2703 976 2774 multi
1012 2720 1051 2776 er
1088 2702 1262 2777 mulieres
1298 2729 1372 2776 non

249 2835 392 2907 paucae
427 2809 537 2882 variis
575 2808 850 2882 infirmitatibus
879 2826 916 2881 et
944 2810 1109 2882 febribus
1147 2810 1369 2884 laborarent.

249 2918 406 3013 lbatque
434 2916 647 3013 praedictus
675 2916 731 2988 vir
764 2943 832 3013 per
867 2916 1131 2990 infirmantium
1161 2918 1304 3003 domos,
1335 2933 1373 2990 et

248 3023 404 3096 intincta
433 3023 573 3097 chorda
600 3023 637 3096 in
666 3048 775 3119 aqua,
807 3025 866 3097 vel
896 3049 944 3096 ex
973 3023 1056 3120 pilis
1089 3023 1204 3120 ipsius
1232 3023 1373 3121 aliquid

251 3131 498 3219 commiscens
527 3131 563 3203 in
592 3156 648 3216 ea,
679 3130 793 3203 dabat
821 3131 950 3204 bibere
980 3130 1215 3227 patientibus
1252 3148 1290 3204 et
1322 3130 1373 3205 ita
1402 3147 1444 3213 25

250 3237 286 3310 in
308 3236 444 3310 Christi
475 3236 626 3310 nomine
654 3238 852 3310 sanitatem
882 3239 1209 3334 consequebantur
1226 3264 1370 3311 omnes.

248 3345 355 3419 Haec
383 3361 510 3417 autem
539 3345 575 3416 in
605 3344 775 3416 absentia
804 3344 904 3416 beati
934 3343 1121 3417 Francisci
1152 3345 1301 3429 fiebant,
1334 3362 1372 3418 et

250 3451 309 3523 his
338 3452 453 3524 multo
481 3450 597 3548 plura,
621 3476 719 3547 quae
747 3476 770 3523 a
799 3451 907 3523 nobis
928 3476 1002 3524 non
1023 3469 1180 3549 possent
1198 3477 1372 3526 sermone

204 3576 209 3586 ·
249 3558 470 3656 longissimo
484 3558 720 3655 aliquatenus
735 3558 925 3654 explicari.
983 3558 1125 3631 Verum
1140 3559 1187 3631 de
1204 3558 1256 3643 iis,
1275 3584 1372 3656 quae

323 3839 345 3876 1,
361 3824 395 3875 Os
410 3820 545 3893 eq..illum
621 3838 644 3875 2.
661 3823 708 3877 AS
721 3823 822 3876 dimisit
897 3841 918 3893 3.
935 3824 983 3879 AS
997 3824 1101 3894 pietatis
1174 3840 1199 3890 4.
1216 3827 1250 3879 Os
1264 3842 1311 3896 per
1324 3824 1373 3878 vil·

249 3902 303 3955 lam
317 3917 349 3956 ir.
359 3904 376 3955 i.
387 3920 412 3972 q.
424 3919 460 3953 m.
474 3901 520 3953 illa
596 3918 618 3970 ς.
633 3903 667 3956 Os
681 3921 729 3957 om.
743 3902 831 3956 festini
846 3911 866 3957 et
880 3904 924 3974 leg.
939 3906 1081 3958 currebant
1154 3910 1178 3959 o.
1191 3905 1221 3959 H
1232 3923 1257 3975 p.
1272 3922 1335 3958 eum
1349 3922 1374 3958 e.

248 3982 294 4036 As
307 4000 356 4035 om.
372 3983 482 4035 beatum
557 3998 581 4051 7.
600 3983 634 4035 05
651 3985 803 4037 contristati
879 4000 918 4038 10.
935 3985 965 4038 H
979 3986 1020 4038 his
1040 3986 1167 4041 omnibns
1243 4002 1282 4041 11.
1299 3986 1374 4041 Pin·

248 4064 371 4117 venirent
408 4063 608 4116 ASfrennmer
685 4066 846 4136 15.Mqu0d
924 4065 1211 4121 16.A50m.ersaiute
1283 4068 1373 4137 17.E,

249 4145 271 4198 P
295 4143 519 4206 Ganlsreducius;
543 4145 572 4196 M
599 4143 805 4210 Galfreducius,·
828 4147 863 4200 Os
883 4147 1123 4210 Qualdefridncins
1199 4151 1376 4221 19.Ascor-

248 4224 361 4293 rigiam:
377 4225 405 4276 M
419 4240 511 4276 coram
549 4224 606 4287 AS,
621 4225 641 4277 L
658 4242 740 4296 quam
816 4242 858 4291 24.
872 4244 903 4281 ex
917 4227 990 4299 pilis]
1005 4228 1035 4282 H
1045 4229 1162 4299 expulsis
1238 4230 1278 4283 26.
1293 4229 1322 4283 H
1332 4245 1375 4283 se·

249 4304 398 4374 quebaniur
473 4319 512 4373 27.
529 4304 566 4372 er]
587 4304 623 4357 As
642 4321 674 4357 en
748 4306 790 4359 28.
812 4306 895 4360 Pom.
916 4322 973 4360 non
1047 4309 1190 4379 29.Rom.
1204 4308 1375 4380 aliquatenus

251 4384 296 4437 As
313 4383 434 4436 Verbum
