3142 4875
645 330 750 378 nunu
778 328 964 378 nnllucrscr
1291 328 1362 396 119

246 561 368 659 magis
405 587 494 658 prae
529 561 646 636 letitia
681 588 794 659 quarn
827 586 918 658 prae
954 560 1083 634 dolore
1127 562 1164 635 id
1201 563 1364 636 laceret?

247 668 364 741 Cuius
391 685 468 742 tam
497 669 657 742 lerreum
685 684 818 766 pectus
847 693 919 741 non
942 683 1155 743 moveretur
1181 669 1230 741 ad
1249 671 1366 767 gerni-

247 775 346 848 tum?
403 775 519 848 Cuius
547 791 623 848 tam
652 776 841 872 lapideum
871 800 935 847 cor
963 800 1037 848 non
1067 776 1299 849 scinderetur
1316 777 1365 849 ad

246 881 585 979 compunctionem,
617 907 690 955 non
718 882 988 956 accenderetur
1006 881 1054 955 ad
1079 881 1244 955 divinum
1263 909 1365 957 amo·

199 1023 215 1085 5
247 1014 336 1072 rem,
368 1014 442 1062 non
471 1006 677 1061 armaretur
703 990 752 1062 ad
779 989 918 1061 bonam
946 988 1207 1062 voluntatem?
1268 989 1364 1084 Quis

246 1111 323 1169 tam
351 1095 477 1181 hebes,
509 1112 586 1169 tam
615 1095 847 1177 insensibilis,
880 1096 941 1191 qui
972 1096 1168 1169 manifesta
1201 1122 1275 1168 non
1303 1122 1362 1169 co-

246 1219 447 1300 gnosceret
464 1201 622 1276 veritate
640 1218 811 1275 sanctum
830 1202 951 1284 istum,
974 1201 1069 1275 sicut
1088 1201 1267 1301 singulari
1287 1229 1364 1275 mu-

248 1335 336 1382 nere
364 1309 587 1382 honoratum
623 1310 659 1381 in
696 1308 813 1392 terris,
845 1308 898 1381 sic
937 1308 1111 1382 ineffabili
1140 1307 1260 1408 gloria
1288 1335 1363 1382 ma·

247 1415 463 1514 gnificatum
492 1416 608 1489 lore
599 1441 635 1488 1n
665 1414 801 1489 caelis?

177 1557 218 1601 ro
333 1545 416 1613 114
451 1524 603 1618 [Laus].
652 1522 688 1597 Ο
717 1520 906 1621 singulare
934 1522 1074 1595 donum
1094 1538 1132 1594 et
1165 1547 1375 1643 praeroga-

246 1627 345 1701 tivae
360 1627 568 1702 dilectionis
582 1629 762 1714 inditium,
782 1629 913 1702 iisdem
929 1628 1073 1726 gloriae
1083 1653 1195 1701 armis
1211 1629 1363 1702 militem

247 1735 418 1809 adornari
440 1761 536 1831 quae
555 1735 623 1808 soli
642 1760 723 1833 regt
714 1735 1056 1809 excellentissima
1075 1735 1259 1832 dignitate
1278 1761 1363 1809 con-

245 1841 418 1915 veniunt!
468 1842 677 1916 anterna
705 1841 885 1915 memoria
904 1843 1060 1938 dignum
1081 1841 1310 1926 miraculum,
1327 1859 1365 1916 et

246 1949 327 2022 sine
347 1948 447 2021 omni
466 1948 739 2023 intermissione
768 1950 975 2022 admirabili
1000 1949 1210 2022 reverentia
1228 1975 1365 2023 merno-

177 2091 189 2135 ι
198 2090 214 2154 >⁴
248 2054 362 2129 rabile
377 2072 660 2140 sacramentum,
674 2056 776 2153 quod
792 2056 937 2129 occulta
953 2055 1025 2127 fide
1041 2053 1129 2128 illud
1146 2056 1364 2151 mysterium

247 2179 512 2259 repraesentat,
544 2163 580 2235 in
609 2188 684 2260 quo
711 2162 816 2260 Agni
849 2160 1075 2235 immaculati
1103 2162 1266 2261 sanguis,
1298 2188 1366 2259 per

247 2270 412 2366 quinque
440 2270 621 2343 foramina
641 2270 896 2366 copiosissime
918 2294 1082 2352 manans,
1101 2270 1190 2342 lavit
1211 2269 1365 2342 crimina
1452 2328 1457 2335 .

249 2375 392 2449 mundi!
451 2377 485 2451 O
515 2375 673 2451 sublime
705 2377 821 2451 decus
857 2376 976 2450 crucis
1004 2375 1173 2449 vivificae
1208 2377 1363 2450 mortuis

247 2483 360 2556 vitam
388 2500 592 2580 praestans,
625 2483 730 2556 cuius
758 2501 951 2557 onustam
981 2484 1117 2581 premit
1144 2485 1308 2557 suaviter
1326 2501 1364 2557 et

155 2623 217 2669 ‚20
247 2606 323 2663 tam
352 2590 509 2664 dulciter
535 2589 680 2688 pungit,
711 2607 752 2663 ut
780 2591 816 2663 in
838 2616 883 2664 ea
903 2607 1048 2663 mortua
1077 2616 1165 2663 caro
1193 2591 1304 2675 vivat,
1327 2607 1364 2664 et

248 2696 413 2770 infirmus
441 2695 591 2794 spiritus
615 2698 829 2770 roboretur!
887 2695 958 2770 llic
978 2714 1015 2770 te
1045 2697 1175 2770 dilexit
1195 2699 1361 2782 multum,

246 2829 358 2900 quem
387 2804 440 2877 sic
463 2802 733 2902 gloriosissime
762 2804 966 2877 decorasti!
1028 2804 1158 2878 Gloria
1186 2822 1224 2877 et
1251 2805 1365 2877 bene-

246 2910 360 2983 dictio
379 2911 447 2983 soli
475 2911 634 3008 sapienti
664 2911 760 2995 Dec,
783 2912 845 3008 qui
862 2910 1015 2983 innovat
1042 2911 1153 3008 signa
1181 2928 1219 2985 et
1247 2929 1366 2985 mutat

248 3016 436 3104 mirabilia,
459 3034 499 3090 ut
527 3017 756 3091 infirmorum
785 3033 931 3090 mentes
951 3017 1056 3090 novis
1076 3017 1365 3091 revelationibus

173 3156 215 3220 25
247 3124 468 3208 consoletur,
499 3141 539 3198 et
567 3141 607 3196 ut
634 3150 702 3221 per
729 3124 928 3197 visibilium
958 3124 1125 3198 mirabile
1154 3150 1249 3222 opus
1269 3126 1365 3222 ipso·

248 3255 327 3303 rum
356 3231 471 3304 corda
489 3231 525 3304 in
546 3256 674 3304 amore
699 3230 936 3304 invisibilium
956 3232 1157 3329 rapiantur.
1216 3232 1251 3305 O
1272 3231 1364 3305 mira

247 3351 285 3408 et
311 3336 481 3411 amabilis
509 3337 704 3434 dispositio
733 3338 818 3423 Dei,
849 3363 957 3434 quae,
981 3355 1021 3411 ut
1049 3338 1148 3412 nulla
1176 3339 1224 3412 de
1253 3339 1363 3411 mira-

247 3444 317 3516 culi
347 3442 510 3518 novitate
530 3461 659 3542 posset
677 3444 764 3518 oriri
784 3443 956 3540 suspicio,
980 3444 1100 3542 primo
1120 3444 1364 3518 misericordi-

247 3565 303 3622 ter
321 3551 485 3623 ostendit
505 3552 541 3623 in
562 3576 607 3624 eo
627 3551 690 3648 qui
709 3552 758 3624 de
778 3551 891 3624 caelis
910 3568 1000 3635 erat,
1024 3553 1124 3648 quod
1149 3552 1365 3624 mirabiliter

176 3687 220 3752 30
247 3656 458 3754 paulopost
484 3657 646 3731 facturus
665 3675 746 3731 erat
765 3659 801 3729 in
825 3683 871 3730 eo
900 3657 963 3754 qui
985 3658 1149 3755 degebat
1175 3658 1211 3731 in
1240 3660 1361 3731 terris!

318 3832 521 3898 5.Rom.non
574 3832 619 3886 As
632 3835 796 3886 animaretur
868 3849 892 3902 7.
908 3832 989 3902 sicut]
1008 3834 1043 3885 05
1061 3833 1100 3885 sic
1173 3834 1364 3886 &Bombo-

247 3924 369 3964 notatum
406 3911 502 3981 gloria]
517 3912 564 3966 AS
574 3913 660 3983 gratia
727 3930 750 3982 9.
764 3913 812 3966 AS
823 3930 871 3965 om.
885 3911 943 3966 lore
1014 3929 1045 3966 ιο
1064 3912 1222 3966 Bomlaus
1289 3915 1368 3966 mlv

246 3990 303 4043 sola
349 3991 400 4044 soli
413 3991 482 4061 regi]
495 3992 515 4046 R
527 3991 583 4046 filio
596 3995 666 4062 regis
737 4009 745 4046 1
753 4009 774 4060 ς,
786 3994 822 4058 L,
836 3994 870 4047 Os
882 3993 1015 4046 occultata
1022 4012 1031 4055 ,·
1052 3995 1088 4058 E,
1102 3993 1141 4057 H,
1156 3995 1210 4056 Ox,
1223 3994 1243 4046 R
1257 3993 1363 4046 oculata

250 4071 287 4125 18.
297 4073 343 4126 AS
354 4071 484 4125 mirificae
560 4089 598 4143 19.
612 4075 686 4127 cuius
699 4074 780 4143 onus]
795 4074 843 4128 AS
853 4091 921 4127 onus
935 4075 1007 4144 quod
1082 4091 1123 4127 20.
1142 4074 1168 4126 iu
1182 4075 1225 4143 ea]
1240 4075 1287 4127 AS
1298 4075 1365 4126 haec

247 4153 601 4224 21.spirltus]EChristus
674 4155 794 4225 23.soli]
813 4156 903 4209 Orsit
955 4155 1194 4219 AS‚Rimmutat
1267 4156 1365 4220 25.0,v

246 4234 418 4288 consolentur
434 4244 462 4287 ut
511 4235 560 4289 AS
573 4251 623 4288 om.
639 4248 667 4288 ut
740 4235 781 4288 26.
802 4237 960 4289 Lamorem
1034 4251 1075 4305 27.
1092 4236 1139 4290 AS
1152 4255 1201 4290 ont.
1216 4237 1266 4290 Dei
1282 4247 1305 4290 ct
1320 4237 1364 4302 lm.

247 4329 298 4383 qua
369 4315 412 4368 28.
431 4314 453 4367 R
473 4315 570 4368 exoriri
645 4316 897 4386 29.Rostenderat
970 4332 1063 4386 29-30.
1082 4317 1364 4389 Osom.quod-erat

250 4408 287 4461 30.
305 4393 436 4464 facturus]
460 4396 503 4450 AS
515 4394 633 4448 futurum
689 4397 734 4466 qui
753 4395 878 4466 degebat]
902 4397 936 4450 05
956 4398 1025 4467 quod
1046 4396 1173 4466 diligebat
