3142 4875
590 397 695 447 ΒΕΑΤΙ
723 397 909 448 FRnNciscl
1230 394 1306 466 405

195 509 338 516 ‚a———m
350 509 428 515 ..-.-
445 508 982 515 --ψ-Μ--η-υ--Φῲ
989 510 1173 515 -——---
1182 508 1310 516 ...ῃ-..-

277 650 358 723 117.
390 632 430 704 ln
459 632 633 716 Zancato,
666 630 767 727 quod
796 646 854 704 est
882 647 1044 704 castrum
1081 632 1183 705 iuxta
1210 633 1311 705 Ana·

192 740 328 837 gniam,
348 739 454 811 miles
473 739 624 835 quidam
646 737 829 811 Girardus
849 738 1000 812 nomine
1020 737 1143 811 lumen
1164 764 1212 812 ex
1231 754 1311 811 toto
1365 757 1366 760 ’

190 845 405 944 perdiderat
432 846 635 920 oculorum.
692 845 843 918 Accidit
876 861 916 917 ut
952 847 1048 919 duos
1085 846 1216 919 fratres
1243 845 1311 918 Mi·

192 978 310 1035 nores,
332 954 380 1026 ab
399 954 538 1026 exteris
558 951 726 1049 partibus
752 953 957 1035 venientes,
979 953 1029 1026 ad
1049 953 1201 1026 domum
1231 952 1311 1025 eius

143 1085 160 1149 5
190 1062 417 1133 diverterent
446 1059 567 1158 gratia
602 1059 825 1156 hospitandi.
892 1059 1064 1159 Suscepti
1094 1059 1220 1157 itaque
1248 1060 1312 1132 ho·

191 1165 341 1240 norilice
370 1192 393 1240 a
421 1166 557 1239 familia
586 1182 664 1239 tota
692 1184 730 1238 et
759 1193 843 1239 cum
863 1167 965 1240 omni
985 1167 1218 1265 benignitate
1237 1184 1312 1240 tra-

190 1275 289 1357 ctati,
321 1275 366 1347 de
396 1273 553 1370 hospitis
580 1273 762 1346 caecitate
792 1273 879 1347 nihil
908 1274 1117 1347 advertunt.
1176 1274 1312 1346 Reces-

190 1397 318 1481 serunt
346 1381 585 1479 postmodum
621 1380 669 1454 ad
706 1379 829 1453 locum
867 1381 1018 1454 fratrum
1049 1406 1116 1479 per
1144 1380 1311 1454 milliaria

190 1514 258 1562 sex
286 1488 497 1571 distantem,
538 1486 575 1560 in
613 1512 688 1584 quo
725 1513 792 1584 per
829 1487 909 1560 dies
937 1504 1023 1561 octo
1053 1488 1184 1561 morati
1212 1503 1308 1561 sunt.

125 1619 162 1665 ιο
190 1597 312 1669 Nocte
341 1595 454 1693 igitur
481 1595 643 1691 quadam
673 1595 806 1667 beatus
834 1594 1055 1668 Franciscus
1077 1596 1137 1668 uni
1159 1595 1311 1667 fratrum

190 1702 335 1775 illorum
351 1703 386 1774 in
403 1701 542 1775 somnis
556 1702 728 1798 apparuit
747 1701 894 1774 dicens:
916 1702 1050 1801 Surge,
1074 1702 1207 1775 festina
1227 1727 1309 1774 cum

190 1809 292 1882 socio
321 1809 369 1882 ad
397 1808 550 1882 domum
580 1807 736 1905 hospitis
764 1809 888 1892 vestri,
921 1808 982 1905 qui
1020 1834 1080 1882 me
1116 1807 1312 1882 honoravit

191 1918 227 1989 in
256 1917 372 1998 vobis,
403 1933 442 1989 et
469 1930 622 2012 propter
651 1941 709 1988 me
729 1915 837 1988 vobis
857 1931 911 1988 tot
931 1916 1113 2012 impendit
1131 1913 1313 2011 obsequia

190 2022 349 2121 pietatis.
420 2022 631 2119 Rependite
660 2022 821 2119 gratiam
850 2021 1098 2120 susceptionis
1127 2021 1312 2095 iucundae

124 2154 161 2220 15
190 2148 229 2204 et
256 2130 435 2203 honorem
466 2128 609 2202 reddite
635 2129 843 2202 honoranti.
903 2129 1049 2202 Caecus
1077 2145 1134 2202 est
1154 2127 1252 2202 enim
1274 2144 1311 2201 et

192 2263 265 2311 non
295 2235 406 2322 videt,
437 2251 474 2309 et
503 2236 574 2309 hoc
602 2260 679 2318 sua,
712 2261 809 2332 quae
840 2236 1004 2309 noudum
1025 2236 1218 2309 consessus
1240 2252 1308 2316 est,

193 2369 361 2417 meruere
390 2359 554 2442 peccata.
612 2342 845 2440 Exspectant
864 2369 948 2415 eum
979 2344 1156 2418 tenebrae
1184 2341 1314 2415 mortis

191 2460 367 2525 aeternae
404 2467 441 2524 et
462 2451 662 2523 'cruciatus
699 2451 991 2523 interminabiles
1025 2449 1309 2550 praestolantur.

189 2559 251 2631 Ad
281 2559 351 2631 hoc
380 2558 480 2631 enim
513 2557 634 2654 ipsum
663 2558 782 2655 ligant
812 2582 885 2631 non
915 2558 1037 2630 adhuc
1078 2557 1217 2631 reiecta
1246 2557 1308 2631 de-

120 2683 163 2731 20
190 2667 289 2744 licta,
336 2665 563 2763 Disparente
579 2681 693 2762 patre,
713 2665 809 2737 filius
824 2664 944 2763 surgit
964 2664 1143 2738 attonitus
1158 2681 1195 2736 et
1212 2690 1311 2737 man·

192 2774 318 2847 datum
357 2798 440 2845 cum
478 2772 580 2845 socio
613 2770 768 2844 festinus
805 2772 994 2869 adimplet.
1061 2772 1314 2844 Revertuntur

191 2880 238 2952 ad
268 2880 452 2977 hospitem
472 2880 585 2952 ambo
604 2877 743 2976 pariter
772 2879 912 2960 fratres,
946 2895 1069 2951 narrat
1088 2879 1192 2951 alteri
1214 2903 1312 2975 quae

190 2987 335 3060 viderat
371 3003 504 3059 cuncta
541 3010 608 3082 per
644 2984 825 3058 ordinem.
897 2985 1032 3082 Stupet
1060 2984 1115 3057 vir
1143 2983 1203 3057 ille
1237 2978 1310 3058 non

193 3093 390 3175 modicum,
409 3091 582 3165 universa
604 3117 700 3188 quae
729 3092 833 3164 audit
861 3117 950 3165 vera
973 3118 1057 3165 esse
1077 3091 1310 3165 confirmans.

49 3214 59 3283 g
121 3219 161 3285 25
193 3200 470 3297 Compungitur
488 3201 535 3271 ad
562 3198 698 3281 fletum,
730 3198 927 3272 confitetur
955 3200 1086 3283 libens,
1118 3197 1313 3271 correctio·

194 3334 277 3380 nem
307 3305 498 3406 promittit.
566 3304 733 3379 luteriori
772 3306 923 3379 homine
960 3305 1083 3379 taliter
1118 3296 1309 3389 renovato

192 3413 316 3487 statim
338 3413 565 3487 exteriorum
580 3413 704 3486 lumen
722 3413 853 3510 recipit
880 3413 1083 3486 oculorum.
1142 3411 1310 3484 Miraculi

192 3521 300 3593 liuius
337 3520 556 3618 magnitudo
593 3520 883 3616 circumquaque
920 3519 1052 3593 diffusa
1087 3544 1218 3592 omnes
1252 3543 1313 3591 au-

192 3627 338 3701 dientes
365 3629 413 3701 ad
443 3625 702 3725 hospitalitatis
731 3627 890 3725 gratiam
919 3627 1107 3700 animavit.

126 3752 164 3818 30
279 3736 361 3807 118.
392 3734 508 3832 Apud
536 3733 689 3807 Thebas
727 3734 761 3806 in
802 3732 986 3806 Romania
1022 3732 1152 3804 mulier
1188 3758 1311 3816 caeca,

194 3840 357 3939 vigiliam
390 3842 507 3913 saneti
549 3840 734 3913 Francisci
763 3841 799 3913 in
830 3865 928 3937 pane
964 3855 1107 3912 tantum
1142 3856 1179 3910 et
1216 3864 1314 3935 aqua

192 3949 370 4033 ieiunans,
402 3948 451 4020 ad
479 3946 674 4021 ecclesiam
711 3947 864 4020 lratrum
894 3972 1040 4019 summo
1069 3970 1178 4017 mane
1214 3945 1316 4018 sesti-

192 4055 316 4129 vitatis
344 4081 367 4128 a
388 4056 468 4128 viro
494 4080 562 4129 suo
589 4055 769 4151 perducta
793 4070 859 4128 est.
939 4054 1058 4147 Quae,
1083 4052 1172 4124 dum
1201 4052 1314 4127 missa

192 4164 453 4246 celebraretur,
491 4163 526 4234 in
564 4163 774 4235 elevatione
812 4161 978 4257 corporis
1013 4158 1150 4233 Christi
1186 4158 1315 4233 oculos

264 4436 505 4491 22.ABuarraut
579 4450 620 4506 23.
641 4437 693 4490 AB
709 4435 833 4487 viderant
895 4449 928 4499 η
957 4433 1134 4488 ABaudivit
1202 4433 1318 4501 27.Au

192 4532 310 4571 exterior
