3142 4875
595 375 700 424 asan
730 376 914 424 rnancrscr
1263 372 1313 442 47

470 487 486 491 ⁴-
505 485 543 494 ..ι
572 486 614 492 ...-
638 486 755 492 --—.--
770 486 911 492 --·--—....
937 486 1113 492 .----..‚..-..
1142 487 1267 492 ›evm-.-

231 768 416 857 Quomodo
445 767 568 840 boatus
596 769 820 840 Froucz'scus
848 770 971 842 docuit
984 771 1135 864 fratros
1163 796 1282 853 oraro,

291 893 326 955 ol
343 885 386 956 u’o
403 883 607 956 obediontia
624 893 659 955 ot
668 886 842 979 purz'toto
849 886 1040 980 fratrum.
1100 885 1218 958 XVII.

277 1154 339 1224 45.
370 1131 574 1230 Deprecati
602 1150 689 1205 sunt
717 1159 803 1206 eum
832 1134 963 1207 iratres
991 1150 1163 1233 tempore
1187 1134 1248 1207 illo
1278 1156 1319 1207 ut

195 1240 351 1313 doceret
379 1263 445 1312 eos
473 1263 591 1321 orare,
623 1240 801 1337 quoniam
830 1241 865 1313 in
895 1240 1131 1339 simplicitate
1168 1241 1319 1339 spiritus

146 1364 163 1428 5
193 1345 433 1420 ambulantes
469 1346 591 1419 adhuc
631 1346 924 1420 ecclesiasticum
962 1347 1125 1422 officium
1166 1348 1317 1446 ignora-

197 1454 298 1526 bant.
357 1452 506 1548 Quibus
534 1453 614 1551 ipse
641 1453 711 1526 ait:
744 1454 840 1526 Cum
870 1454 1032 1540 orabitis
1054 1455 1187 1529 dicite:
1210 1456 1320 1528 Pater

82 1565 99 1599 ⁹
199 1576 335 1642 noster.
367 1576 405 1632 et
433 1559 650 1658 Adoramus
686 1576 734 1642 te,
767 1559 927 1645 Christe,
958 1578 996 1635 et
1024 1563 1073 1635 ad
1102 1588 1233 1635 omnes
1261 1588 1319 1636 ec-

199 1667 331 1740 clesias
367 1681 463 1752 tuac,
493 1684 707 1764 quaesunt
736 1668 772 1739 in
802 1666 976 1741 universo
1008 1670 1160 1755 mund0‚
1191 1686 1229 1742 et
1257 1671 1319 1742 be·

200 1773 406 1846 nedicimus
434 1771 510 1857 tibi,
543 1774 632 1871 quia
658 1800 727 1871 per
754 1792 920 1848 sanctam
954 1801 1102 1849 crucem
1130 1792 1233 1849 tuam
1267 1801 1320 1848 re·

129 1900 167 1946 10
199 1878 347 1953 demisti
368 1881 559 1953 mundum.
615 1882 712 1953 Vero
731 1881 945 1955 obodr'entzo.
1003 1881 1087 1955 Hoc
1102 1898 1227 1955 autem
1249 1882 1319 1980 ipsi

200 1987 341 2068 iratres,
373 1985 422 2085 pii
453 1986 621 2085 magistri
650 1987 831 2086 discipuli,
854 2014 1001 2062 summa
1020 2014 1104 2062 cum
1124 1988 1322 2087 diligentia

200 2095 402 2166 observare
421 2095 611 2178 curabant,
631 2095 717 2190 quia
738 2120 813 2168 non
833 2121 879 2168 ea
898 2112 1053 2179 tantum,
1072 2121 1169 2193 quae
1189 2097 1322 2169 beatus

200 2219 308 2298 pater
336 2200 558 2273 Franciscus
595 2199 744 2274 dicebat
778 2204 833 2275 eis
866 2204 1029 2275 fraterno
1058 2201 1221 2284 consilio,
1254 2227 1320 2275 seu

203 2310 395 2404 [paterno]
427 2307 594 2405 imperio,
624 2334 754 2381 verum
792 2310 906 2382 etiam
940 2309 969 2381 si
1007 2334 1052 2382 ea
1089 2334 1185 2405 quae
1221 2310 1322 2407 cogi·

132 2441 169 2506 15
198 2416 314 2497 tabat,
337 2412 395 2487 vel
425 2415 674 2489 meditabatur
702 2415 792 2513 ipse,
814 2416 940 2513 aliquo
969 2417 1063 2490 scire
1088 2436 1242 2515 possent
1270 2416 1321 2490 in·

200 2520 309 2604 dicio,
355 2523 555 2595 studebant
590 2522 849 2597 efficacissime
887 2524 1102 2621 adimplere.
1159 2524 1322 2598 Dicebat

201 2628 302 2701 enim
330 2628 386 2700 eis
414 2629 494 2724 ipse
523 2631 655 2703 beatus
682 2647 800 2727 pater,
822 2657 950 2704 veram
970 2632 1222 2705 obedientiam
1243 2634 1322 2705 fore

203 2760 277 2807 non
317 2734 437 2808 solum
479 2737 662 2833 prolatam
691 2737 758 2810 sed
788 2737 1051 2835 excogitatam,
1084 2764 1158 2812 non
1202 2739 1322 2811 solum

203 2842 422 2939 imperatam
451 2844 518 2917 sed
547 2843 809 2917 desideratam.
868 2845 952 2917 Hoc
980 2862 1048 2930 est,
1070 2846 1098 2918 si
1120 2847 1232 2918 irater
1252 2846 1323 2918 lra-

131 2968 174 3015 20
203 2948 269 3021 tris
297 2948 452 3045 praelati
481 2950 652 3023 subditus
682 2976 755 3023 non
784 2951 905 3023 solum
934 2952 1063 3025 audiat
1089 2978 1232 3036 vocem,
1256 2952 1323 3025 sed

205 3056 500 3152 comprehendat
541 3058 781 3141 voluntatem,
813 3058 938 3132 statim
981 3059 1029 3131 ad
1071 3059 1324 3132 obedientiam

204 3177 323 3234 totum
352 3188 392 3235 se
422 3162 536 3235 debet
563 3163 741 3261 colligere
768 3190 813 3237 ac
842 3167 964 3238 iacere
984 3166 1086 3261 quod
1114 3192 1200 3239 eum
1230 3165 1324 3238 velle

206 3266 315 3365 signo
342 3268 468 3366 aliquo
495 3272 798 3367 comprehendet.
858 3273 898 3344 ln
919 3297 1158 3369 quocumque
1176 3290 1324 3370 propte·

206 3400 269 3447 rea
309 3377 393 3448 loco
436 3375 560 3474 aliqua
601 3376 760 3451 ecclesia
802 3396 1015 3454 constructa
1043 3380 1147 3461 soret,
1179 3378 1323 3452 etiamsi

135 3502 174 3565 25
207 3498 423 3578 praesentes
453 3508 527 3557 non
555 3501 671 3568 erant,
704 3502 849 3559 tantum
889 3504 1043 3583 possent
1072 3512 1154 3560 eam
1185 3504 1324 3558 utcum-

207 3613 278 3684 que
307 3614 462 3663 cernere
490 3592 538 3663 de
566 3592 730 3678 remotis,
761 3592 989 3666 inclinabant
1017 3619 1057 3666 se
1086 3619 1215 3666 versus
1241 3618 1325 3666 eam

207 3695 311 3792 proni
339 3695 376 3768 in
405 3712 553 3780 terram,
584 3714 623 3770 et
651 3699 828 3774 inclinato
857 3717 1015 3797 utroque
1045 3699 1206 3782 homine,
1238 3700 1326 3771 ado·

279 3966 301 4018 5.
317 3949 449 4021 officium]
472 3952 506 4006 Os
525 3951 648 4006 ordinem
733 3970 758 4025 9,
778 3954 809 4007 H
826 3972 873 4007 om.
894 3967 1016 4006 sanctam
1105 3968 1143 4007 ιο.
1163 3953 1326 4022 obedientia]

208 4029 228 4083 R
249 4032 368 4085 custodia
463 4048 501 4086 11.
524 4033 554 4086 H
577 4047 603 4086 et
627 4034 662 4104 pii
688 4033 781 4103 discip.
807 4052 855 4088 om.
880 4036 1000 4102 magistri
1095 4048 1133 4086 12.
1156 4034 1190 4087 Os
1209 4036 1252 4104 qui
1274 4050 1327 4085 non

212 4125 249 4173 tt.
267 4110 424 4176 Ox‚llom.
440 4125 516 4182 pater
565 4111 696 4182 fraterno]
713 4114 757 4167 As
772 4131 891 4183 superno
967 4129 996 4177 12
1023 4115 1167 4167 Baeterno
1244 4130 1282 4180 ¹5·
1302 4114 1331 4165 H

207 4189 265 4259 ipse
278 4193 298 4243 si
314 4190 346 4243 al.
423 4191 461 4245 18.
474 4192 496 4246 P
508 4193 647 4263 probatam
725 4210 763 4259 19.
780 4194 827 4247 AS
841 4194 1004 4246 audientiam
1018 4194 1081 4263 impl
1157 4208 1197 4261 23.
1211 4193 1240 4246 H
1252 4210 1328 4246 com·

208 4269 356 4341 prehendat
408 4272 450 4325 Ox
465 4271 702 4341 comprehenderit
775 4289 871 4343 23-24.
888 4274 946 4339 As,
971 4273 1003 4324 W
1016 4288 1152 4343 praeterea
1227 4288 1268 4337 24.
1287 4275 1329 4327 ot

208 4350 256 4402 etsi
329 4364 370 4419 25.
389 4350 570 4406 Wom.erant
622 4355 653 4407 M
666 4365 757 4406 tamen
812 4353 863 4406 Rt.
879 4367 907 4407 ut
921 4366 1033 4424 possent
1106 4352 1329 4406 26.Rinclinant

215 4430 249 4479 W
264 4429 392 4483 adversus
464 4446 503 4502 27.
523 4433 562 4502 in]
582 4433 638 4497 As,
659 4434 696 4497 E,
716 4434 757 4492 H.
780 4435 836 4497 Or,
864 4433 898 4484 W
913 4450 991 4503 super
1046 4434 1091 4487 As
1109 4452 1158 4487 om.
1177 4446 1292 4502 utroque
