3142 4875
565 358 672 407 BEATI
699 359 886 408 FRANCISCI

254 806 438 896 Qualiter
463 818 585 880 mater
608 809 689 878 eius
715 808 934 879 solviturum
962 819 997 880 et
1022 811 1195 905 quomodo

274 947 401 994 coram
419 925 598 1019 Episcopo
611 925 650 996 Α
656 924 765 995 ssrsr‘i
775 949 813 995 so
825 925 1039 996 denudavit.
1098 925 1160 996 Vl.

240 1158 297 1226 13.
333 1137 514 1230 [Factum
535 1151 592 1209 est
609 1141 752 1232 autem]
776 1162 860 1209 cum
880 1153 988 1232 pater
1006 1137 1096 1222 eius,
1114 1137 1282 1211 familiari

161 1266 268 1314 causa
287 1262 465 1339 urgente,
488 1244 756 1339 aliquantulum
777 1270 800 1315 a
817 1244 968 1341 propria
982 1244 1223 1329 discessisset,
1246 1262 1284 1318 et

118 1370 133 1433 5
160 1347 211 1418 vir
224 1348 296 1420 Dei
312 1351 466 1421 vinctus
483 1350 519 1421 in
535 1352 668 1423 domus
682 1350 874 1448 ergastulo
895 1367 1143 1446 permaneret,
1165 1369 1285 1424 mater

159 1455 243 1536 eius,
265 1481 367 1551 quae
389 1456 472 1529 sola
491 1457 591 1529 domi
613 1483 696 1529 cum
716 1483 763 1530 eo
782 1473 1024 1537 remanserat.
1055 1459 1193 1530 lactum
1212 1458 1282 1531 viri

158 1563 209 1633 sui
238 1586 313 1634 non
334 1564 517 1659 probans,
549 1564 694 1636 blandis
714 1565 949 1636 sermonibus
978 1563 1091 1637 filium
1111 1564 1285 1639 adlocuta

157 1685 220 1740 est.
252 1669 436 1766 Cumque
463 1670 608 1744 videret
635 1672 736 1768 quod
765 1696 851 1743 eum
880 1696 990 1744 asuo
1017 1671 1210 1768 proposito
1230 1698 1284 1746 re·

157 1801 288 1850 vocare
317 1802 402 1849 non
430 1794 568 1873 posset,
600 1794 787 1850 commota
824 1795 910 1849 sunt
939 1795 1107 1851 materna
1138 1779 1284 1853 viscera

104 1911 136 1958 10
159 1908 266 1980 super
294 1910 400 1967 eum,
432 1900 470 1956 et
489 1884 686 1957 confractis
705 1883 871 1965 vinculis,
893 1883 1050 1957 liberum
1070 1911 1156 1958 eum
1180 1887 1283 1959 abire

159 1992 340 2085 permisit.
384 1991 548 2063 Probata
576 1994 708 2063 vr'rtur.
753 1993 807 2063 At
836 1992 925 2089 ipse,
956 1992 1098 2088 gratias
1116 1993 1283 2089 omnipo-

159 2097 244 2169 tenti
264 2098 360 2169 Deo
380 2098 555 2181 referens,
577 2100 626 2171 ad
646 2098 768 2171 locum
789 2098 825 2170 in
846 2124 921 2194 quo
941 2099 1182 2194 sueratprius
1198 2125 1283 2172 con-

158 2202 245 2276 citus
266 2220 332 2276 est
352 2230 536 2276 reversus
593 2204 726 2277 Maiori
748 2206 846 2278 enim
867 2205 1037 2279 libertate
1058 2206 1129 2279 iam
1157 2207 1279 2291 utitur,

159 2313 410 2384 tentationum
439 2311 673 2384 documentis
693 2314 882 2409 probatus
915 2328 953 2385 et
972 2339 1039 2408 per
1067 2313 1283 2410 multiplicia

105 2441 135 2505 15
160 2418 250 2493 bella
288 2418 495 2516 imaginem
527 2418 697 2492 induerat
731 2418 934 2492 laetiorem.
966 2420 1201 2494 Securiorem
1234 2447 1283 2494 ex

160 2525 302 2599 iniuriis
330 2542 527 2622 receperat
553 2527 730 2609 animum,
761 2543 799 2599 et
827 2527 920 2599 liber
949 2526 1086 2623 ubique
1118 2554 1283 2625 pergens

159 2632 438 2731 magnanimior
465 2633 673 2705 incedebat.
704 2633 918 2706 Revertitur
937 2635 1079 2707 interea
1107 2652 1222 2731 pater,
1247 2654 1284 2709 et

159 2764 203 2811 eo
218 2765 299 2811 non
320 2740 483 2821 invento,
501 2756 656 2835 peccata
675 2742 840 2836 peccatis
858 2741 1107 2825 accumulans,
1129 2743 1177 2815 ad
1198 2769 1282 2814 con·

158 2846 253 2919 vicia
285 2847 412 2917 uxoris
440 2846 678 2919 convertitur.
711 2848 883 2920 Cucurrit
911 2848 1047 2920 deinde
1080 2849 1127 2919 ad
1160 2848 1282 2921 locum

97 2972 134 3019 20
159 2952 324 3025 fremens
339 2969 377 3025 et
392 2969 640 3050 perstrepens
656 2972 695 3026 ut
710 2954 739 3026 si
756 2981 842 3027 eum
858 2980 1034 3027 revocare
1051 2972 1124 3026 non
1141 2974 1278 3053 posset,

159 3059 291 3132 saltem
309 3060 357 3133 de
371 3061 563 3156 provincia
578 3062 780 3156 effugaret·
821 3062 963 3133 Verum
979 3063 1066 3157 quia
1082 3063 1191 3134 timor
1206 3064 1282 3134 Do-

159 3166 248 3238 mini
279 3166 416 3239 fiducia
443 3167 668 3240 fortitudinis
688 3186 755 3248 est,
779 3187 819 3240 ut
846 3168 987 3242 audivit
1007 3170 1192 3241 carnalem
1220 3196 1282 3265 pa·

159 3290 255 3346 trem
275 3274 421 3370 gratiae
442 3274 536 3346 filius
559 3276 607 3346 ad
626 3300 666 3347 se
690 3275 915 3359 venientem,
934 3302 1086 3348 securus
1107 3296 1144 3347 et
1164 3276 1282 3349 laetus

160 3382 256 3453 ultro
286 3406 327 3452 se
356 3381 499 3463 obtulit,
531 3381 646 3453 libera
677 3408 771 3454 voce
805 3382 969 3455 clamans
998 3409 1039 3455 se
1072 3409 1139 3479 pro
1169 3383 1282 3456 nihilo

97 3509 131 3574 25
161 3488 298 3560 ducere
318 3487 466 3561 vincula
485 3505 523 3560 et
541 3490 696 3562 verbera
716 3489 807 3561 eius.
853 3490 1007 3586 Insuper
1026 3507 1223 3563 attestatur
1242 3517 1281 3563 se

161 3621 228 3690 pro
245 3594 384 3666 Christi
406 3596 554 3667 nomine
573 3597 785 3692 gaudenter
805 3597 901 3669 mala
921 3597 1045 3669 omnia
1060 3598 1279 3669 subiturum.

234 3849 299 3902 LE
318 3847 469 3910 Quomodo
542 3866 565 3902 2.
586 3849 681 3919 Ptpse
704 3866 798 3903 coram
855 3851 897 3903 Or
915 3851 1062 3902 denudavit
1080 3868 1142 3902 eum
1219 3854 1283 3919 513

159 3931 255 3982 Actum
269 3941 312 3982 est
325 3945 390 3980 cum
438 3928 482 3982 AS
492 3947 541 3981 om.
554 3928 680 3982 familiari
752 3930 831 3995 402·
850 3930 881 3982 ad
902 3930 1007 4000 propria
1057 3932 1091 3995 P,
1116 3930 1149 3981 W
1165 3934 1281 3999 apatria

159 4012 272 4081 Rprop.
289 4009 399 4061 civitate
471 4024 494 4076 7.
515 4012 535 4064 l<
556 4011 704 4078 approbans
750 4010 785 4075 L,
805 4012 846 4064 Or
865 4030 914 4062 om.
934 4011 1038 4063 blandis
1116 4027 1154 4064 10.
1176 4012 1199 4063 F
1217 4011 1281 4063 libc-

157 4104 245 4143 ratum
312 4090 626 4157 12.inquo]H,05ubi
692 4092 975 4159 12-13..lScon‹litus
1040 4091 1280 4157 13.ASllaiorunr

159 4170 293 4239 libertate]
309 4172 337 4222 ,ll
346 4169 465 4221 bonitate
527 4171 786 4240 14.per]llpropter
847 4187 885 4239 15·
899 4172 995 4224 Orioni
1007 4171 1130 4222 induerat
1188 4169 1284 4225 16an

160 4266 252 4305 omer
273 4252 340 4303 liber
402 4249 548 4303 Rliberius
608 4252 653 4304 AS
671 4252 834 4319 ubicumque
930 4251 1282 4320 17.innrea]uinquan1

163 4336 201 4384 18.
218 4333 263 4385 As
277 4342 390 4400 peccata
407 4346 454 4398 pro
469 4347 542 4399 pecc,
615 4346 657 4384 22.
676 4331 703 4384 H
722 4331 813 4383 statim
834 4343 862 4382 ut
935 4347 976 4399 25·
996 4330 1102 4395 Peius,
1122 4349 1150 4383 se
1170 4344 1283 4384 testatur

162 4410 202 4467 26.
221 4414 250 4466 H
267 4431 317 4464 our.
334 4410 484 4480 gaudenter

240 4624 258 4660 2
