3142 4875
237 597 385 671 monitis
404 598 563 671 libenter
581 599 858 695 obtemperans,
882 598 994 671 corde
1014 599 1125 683 vovit,
1149 598 1235 696 quia
1255 601 1356 698 loqui

237 705 422 800 nequibat,
455 729 617 801 moxque
645 704 809 778 excitata
837 705 945 778 simul
964 704 1114 803 vigiliae
1135 706 1301 780 redditur
1319 726 1357 782 et

236 810 416 909 loquelae.

324 920 407 990 128.
438 918 600 991 Iudicem
641 918 853 1015 quemdam,
895 918 1045 992 nomine
1081 918 1354 1002 Alexandrum,

186 1041 203 1105 5
234 1026 332 1099 beati
349 1024 536 1098 Francisci
565 1024 751 1099 miraculis
771 1025 1040 1109 detrahentem,
1064 1052 1131 1123 per
1149 1053 1217 1101 sex
1236 1040 1355 1102 annos
1427 1115 1431 1122 ²

233 1150 271 1205 et
307 1131 465 1230 amplius
503 1131 731 1205 mirabantur
767 1132 938 1205 homines
971 1132 1118 1229 loquela
1155 1134 1352 1231 privatum.

233 1238 318 1332 Qui,
356 1264 439 1312 cum
469 1239 505 1312 in
534 1264 580 1312 eo
610 1239 711 1336 quod
746 1255 968 1335 peccaverat
1000 1254 1246 1337 torqueretur,
1278 1244 1352 1316 alta

232 1345 473 1442 poenitudine
503 1363 710 1431 revocatus,
742 1345 894 1419 dolebat
922 1372 962 1419 se
992 1363 1122 1421 contra
1149 1349 1266 1422 sancti
1289 1350 1352 1423 mi·

231 1454 355 1526 racula
383 1453 598 1527 delatrasse.
671 1454 800 1549 ltaque
838 1478 912 1526 non
950 1453 1109 1551 perstitit
1144 1455 1351 1554 indignatio

161 1574 202 1621 ¹0
229 1560 358 1643 sancti,
390 1563 457 1634 sed
486 1560 739 1658 poenitentem
761 1585 804 1632 ac
825 1585 865 1633 se
885 1560 1072 1633 humiliter
1100 1561 1346 1648 invocantem,

230 1668 400 1741 restituta
428 1667 586 1764 loquela,
616 1665 758 1762 recepit
783 1668 830 1738 ad
851 1667 1021 1764 gratiam.
1080 1668 1140 1741 Ex
1168 1686 1256 1743 tunc
1286 1670 1350 1744 lin·

229 1800 342 1871 guam
372 1775 629 1872 blasphemam
649 1775 748 1846 beati
768 1773 884 1871 patris
904 1773 1075 1846 laudibus
1103 1779 1345 1862 consecravit,

228 1881 342 1978 longe
370 1882 541 1955 devotior
569 1881 735 1953 redditus
764 1906 832 1976 per
859 1879 1065 1978 flagellum,

314 2012 396 2079 129.
429 1987 528 2082 Quia
562 1989 610 2060 de
648 1987 868 2083 blasphemo
910 1988 1064 2060 lecimus
1106 1991 1346 2077 mentionem,

160 2107 195 2170 ¹5
227 2095 386 2168 occurrit
414 2095 591 2192 quiddam
623 2094 710 2166 utile
740 2095 908 2173 recitatu,
965 2094 1074 2167 Miles
1103 2097 1266 2192 quidam,
1285 2099 1347 2171 Gi·

229 2201 358 2274 neldus
379 2204 540 2288 nomine,
571 2202 618 2273 de
648 2201 776 2298 Burgo
796 2202 831 2272 in
853 2200 1044 2298 provincia
1064 2203 1225 2289 Massae,
1248 2205 1346 2279 beati

226 2309 413 2382 Francisci
443 2308 619 2407 operibus
648 2324 684 2380 et
714 2307 973 2381 miraculorum
1004 2308 1122 2405 signis
1155 2310 1345 2407 impuden-

225 2415 366 2489 tissime
402 2416 633 2490 detrahebat.
695 2415 882 2488 lnlerebat
911 2416 1025 2488 multa
1054 2418 1255 2514 opprobria
1284 2446 1345 2516 pe·

224 2524 383 2622 regrinis
410 2525 459 2597 ad
489 2523 603 2620 ipsius
632 2522 849 2596 memoriam
886 2523 1122 2598 venientibus
1151 2541 1187 2597 et
1217 2545 1346 2601 contra

151 2644 194 2689 20
224 2632 355 2704 iratres
384 2629 531 2728 publica
560 2630 702 2703 insania
730 2630 931 2727 garriebat.
1004 2631 1098 2704 Cum
1128 2648 1253 2705 autem
1284 2636 1345 2707 die

223 2739 383 2834 quadam
404 2739 549 2811 luderet
577 2738 625 2811 ad
653 2736 811 2819 taxillus,
841 2737 992 2811 vesania
1020 2753 1058 2809 et
1086 2737 1344 2814 incredulitate

222 2846 354 2940 plenus
395 2845 488 2917 dixit
525 2846 571 2917 ad
609 2843 910 2917 circumstantes:
943 2844 981 2916 Si
1024 2844 1245 2919 Franciscus
1286 2867 1343 2920 est

221 2968 381 3036 sanctus,
412 2952 621 3024 octodecim
642 2966 780 3048 puncta
809 2951 960 3023 veniant
980 2952 1015 3023 in
1045 2951 1190 3025 taxillis.
1249 2955 1341 3028 Mox

220 3058 424 3155 triplicatus
452 3058 619 3132 senarius
648 3057 683 3130 in
712 3057 849 3130 taxillis
877 3058 1058 3154 apparuit,
1090 3076 1128 3132 et
1156 3061 1342 3158 usquead

149 3177 188 3241 25
221 3191 354 3238 novem
392 3165 492 3239 vices
529 3163 695 3262 quolibet
724 3190 792 3237 suo
821 3163 918 3236 iactu
952 3181 1009 3238 ter
1043 3191 1155 3239 senos
1183 3168 1337 3266 accepit.

220 3273 304 3344 Non
343 3272 483 3369 quievit
519 3271 681 3354 insanus
713 3287 907 3369 peccatum
938 3288 1094 3369 peccato
1131 3267 1274 3348 addidit
1302 3294 1340 3348 et

218 3380 487 3476 blasphemiam
516 3378 770 3475 blasphemiae
791 3378 1009 3453 cumulavit:
1042 3379 1080 3452 Si
1109 3406 1238 3452 verum
1268 3400 1334 3466 est,

218 3487 345 3583 inquit,
367 3487 469 3584 quod
489 3485 710 3559 Franciscus
730 3486 798 3557 iste
823 3485 870 3558 sit
896 3504 1055 3570 sanctus
1078 3484 1205 3584 gladio
1230 3490 1339 3562 cadat

217 3593 329 3666 hodie
353 3618 492 3690 corpus
521 3619 656 3665 meum.
715 3592 753 3664 Si
784 3618 873 3665 vero
893 3609 1043 3665 sanctus
1065 3618 1136 3665 non
1161 3609 1228 3677 est,
1255 3622 1337 3668 eva·

145 3707 188 3773 30
217 3700 302 3773 dam
331 3700 536 3773 incolumis
604 3700 688 3772 Non
726 3699 868 3771 distulit
896 3700 948 3771 ira
977 3700 1060 3783 Dei,
1093 3699 1181 3796 quin
1211 3702 1336 3776 divino

216 3806 350 3881 iudicio
380 3809 486 3880 fieret
512 3806 592 3880 eius
607 3806 727 3879 oratio
756 3806 793 3878 in
823 3823 1028 3901 peccatum.
1082 3807 1190 3878 Ludo
1220 3807 1332 3893 finito,

215 3941 298 3987 cum
320 3914 445 4011 nepoti
466 3940 534 3988 suo
554 3913 706 3986 inferret
725 3913 905 3994 iniuriam,
929 3913 1073 4008 accepit
1089 3911 1146 3985 ille
1167 3913 1333 4010 gladium

212 4040 250 4095 et
280 4023 399 4119 patrui
429 4020 632 4094 visceribus
652 4019 869 4093 cruentavit.
927 4018 984 4093 Eo
1004 4019 1064 4091 die
1086 4037 1254 4094 mortuus
1277 4041 1335 4096 est

211 4128 424 4210 sceleratus,
456 4128 588 4201 inferni
626 4125 850 4222 mancipium
890 4125 1008 4198 sactus
1037 4145 1074 4198 et
1103 4126 1198 4200 filius
1227 4146 1333 4204 tene-

143 4243 182 4311 35
210 4238 371 4312 brarum.
429 4235 605 4309 Timeant
634 4233 948 4331 blasphemantes,
983 4260 1051 4307 nec
1086 4251 1219 4331 putent
1247 4263 1329 4311 cum

209 4369 295 4419 aere
323 4345 439 4418 verba
474 4342 640 4425 transire,
673 4366 743 4413 nec
770 4359 985 4414 sanctorum
1024 4342 1163 4415 iniuriis
1199 4345 1332 4418 deesse

210 4454 379 4528 ultorem.
