3142 4875
2 1357 10 1398 l

599 379 705 428 annm
733 377 919 428 trunumsct
1244 375 1318 446 207

195 607 392 707 vigerent?
448 606 635 682 Dixerunt
661 609 778 681 enim:
805 608 917 695 Ecce,
948 609 1090 692 fratres
1121 609 1228 684 vobis
1258 636 1320 684 no·

195 732 293 788 stros
322 731 605 811 praesentamus
634 716 801 800 natellos
825 715 887 812 qui
915 715 1049 789 vestris
1078 717 1204 802 nutriti
1233 734 1320 791 sunt

196 821 312 894 micis.
371 822 569 919 Disponite
590 822 638 895 de
658 821 726 894 illis
755 838 794 894 ut
821 822 929 906 libet;
951 823 999 895 ad
1019 822 1111 895 alios
1131 849 1199 896 nos
1223 823 1319 898 lares

194 927 406 1002 transimus,
455 929 725 1001 Mansuescunt
740 928 866 1026 itaque
881 956 929 1003 ex
949 945 1029 1002 toto
1045 956 1128 1002 cum
1145 930 1319 1004 fratribus

147 1063 165 1128 5
195 1050 233 1108 et
262 1034 485 1108 unanimiter
514 1035 665 1132 capiunt
693 1034 828 1108 cibum.
886 1035 962 1109 Sed
997 1035 1152 1109 avaritia
1181 1039 1319 1134 rumpit

194 1143 446 1223 concordiam,
468 1142 558 1213 dum
578 1142 741 1214 minores
760 1143 998 1239 persequitur
1023 1143 1172 1216 maioris
1191 1144 1314 1217 elatio,

194 1247 392 1321 Saturatus
420 1274 582 1344 namque
611 1249 729 1320 maior
750 1273 818 1344 pro
847 1249 951 1321 libitu
981 1250 1144 1346 reliquos
1173 1251 1317 1345 repellit

193 1380 217 1427 a
246 1356 341 1428 cibo.
400 1354 545 1438 Videte,
578 1354 696 1451 inquit
724 1369 840 1452 pater,
864 1357 953 1452 quid
977 1356 1036 1429 hic
1056 1356 1143 1428 facit
1169 1382 1314 1430 avarus.

194 1461 331 1533 Plenus
347 1462 426 1558 ipse
441 1486 484 1533 ac
500 1477 603 1534 satur
618 1461 796 1535 famelicis
812 1463 985 1535 fratribus
1006 1462 1156 1535 invidet.
1215 1465 1316 1537 Mala

127 1594 164 1640 10
193 1568 316 1640 adbuc
345 1584 464 1640 morte
498 1568 701 1641 necabitur.
760 1569 928 1642 Verbum
964 1571 1082 1642 sancti
1120 1570 1316 1642 confestim

193 1674 285 1747 ultio
314 1676 491 1771 sequitur.
550 1675 670 1771 Super
699 1676 889 1748 vasculum
918 1701 1039 1772 aquae
1060 1677 1213 1748 fratrum
1243 1695 1316 1749 tur·
1408 1695 1411 1700 ⁴

192 1782 303 1854 bator
329 1782 498 1853 ascendit
519 1797 557 1853 ut
577 1781 688 1864 bibat,
712 1782 774 1877 qui
796 1783 918 1855 subito
940 1783 976 1855 in
994 1807 1092 1880 aqua
1115 1782 1316 1856 suffocatus

191 1886 340 1971 interiit,
373 1913 441 1960 nec
474 1905 602 1985 gattus
631 1887 816 1960 invenitur
849 1914 918 1961 nec
953 1889 1072 1961 bestia
1100 1913 1197 1985 quae
1225 1914 1316 1962 ausa

191 1993 302 2066 fuerit
326 1994 444 2067 sancti
468 1996 668 2067 anathema
691 1995 922 2092 contingere.
976 1995 1216 2067 Horrendum
1242 2021 1316 2069 ma-

124 2129 160 2194 ¹5
190 2100 267 2173 lum
296 2100 451 2175 avaritia
470 2102 673 2183 hominum,
696 2103 848 2197 quando
868 2101 920 2172 sic
945 2101 1095 2197 punitur
1114 2101 1149 2174 in
1170 2102 1312 2175 avibus.

189 2207 378 2281 Timenda
398 2227 454 2281 est
482 2224 520 2281 et
545 2224 759 2280 sanctorum
778 2207 974 2291 sententia,
998 2234 1109 2304 quam
1134 2224 1238 2281 tanta
1266 2209 1282 2280 f
1303 2252 1315 2263 -

189 2313 329 2387 cilitate
348 2315 511 2388 vindicta
529 2314 777 2412 subsequitur.

621 2531 888 2540 ———

267 2717 394 2815 [Quod
417 2742 458 2789 ea
485 2743 577 2813 quae
604 2719 647 2790 de
662 2720 796 2813 fratre
823 2719 1019 2790 Bernardo
1039 2721 1242 2815 praedesti!

440 2834 567 2905 omnio
584 2844 675 2906 sunt
691 2834 892 2931 completa}
951 2834 1055 2907 XIX.

120 3074 160 3120 20
272 3046 333 3135 48.
365 3043 451 3117 Alio
484 3047 647 3142 quodam
681 3061 851 3143 tempore
881 3046 928 3119 de
961 3047 1072 3119 fratre
1105 3047 1307 3133 Bernard0,

189 3152 253 3249 qui
282 3152 468 3224 secundus
496 3152 533 3224 in
562 3152 692 3225 ordine
722 3153 836 3226 frater
862 3153 1067 3236 exstiterat,
1090 3155 1310 3250 prophetice

190 3259 243 3331 sic
262 3257 407 3330 locutus
426 3275 502 3331 est:
533 3258 630 3332 Dico
650 3258 757 3332 vobis
777 3261 878 3356 quod
898 3261 1000 3333 fratri
1020 3260 1212 3334 Bernardo
1233 3262 1309 3334 dati

190 3380 276 3438 sunt
290 3365 338 3437 ad
353 3365 571 3437 exercitium
587 3365 814 3441 subtilissimi
831 3368 1035 3440 daemones
1050 3383 1088 3440 et
1108 3367 1204 3440 inter
1218 3368 1310 3441 alios

77 3492 80 3497 ·
190 3471 339 3568 spiritus
370 3472 578 3568 nequiores,
600 3498 758 3569 quorum
787 3473 857 3546 etsi
881 3500 1030 3571 semper
1050 3474 1218 3571 invigilet
1238 3490 1311 3547 stu-

119 3609 158 3674 25
190 3578 302 3660 dium,
330 3578 397 3677 [ut]
420 3578 564 3651 stellam
594 3580 766 3678 faci[a]nt
794 3582 841 3653 de
871 3582 975 3653 caelo
1003 3606 1186 3664 corruere,
1217 3580 1311 3653 alius

190 3701 316 3759 tamen
336 3685 405 3758 erit
424 3685 547 3758 exitus
567 3685 630 3760 rei.
689 3686 944 3759 Tribulabitur
963 3687 1125 3783 quidem,
1149 3687 1311 3760 stimula-

192 3793 298 3875 bitur,
316 3792 515 3890 affligetur,
534 3792 601 3865 sed
621 3779 771 3866 tandem
793 3819 841 3865 ex
861 3794 1034 3866 omnibus
1053 3793 1307 3890 triumphabit.

190 3897 240 3971 Et
266 3898 427 3971 addidit:
452 3900 561 3972 Circa
580 3915 738 3972 mortem
759 3899 840 3972 eius
858 3899 959 3972 omni
980 3915 1203 3996 tempestate
1227 3903 1311 3972 sub·

192 4022 302 4089 mota,
325 4005 426 4078 omni
455 4005 662 4078 tentatione
691 4006 763 4080 iarn
793 4006 900 4091 victa,
924 4007 1018 4079 mira
1045 4005 1311 4103 tranquillitate

120 4140 161 4205 30
191 4137 234 4184 ac
262 4137 356 4208 pace
385 4112 534 4196 fruetur,
565 4137 750 4210 cursuque
774 4128 1034 4186 consummato
1063 4111 1218 4185 feliciter
1247 4114 1311 4187 mi·

263 4357 285 4409 3.
305 4339 350 4409 ad]
374 4341 403 4392 ,ll
421 4352 447 4392 et
502 4340 752 4404 '4.Rremisimus
829 4357 868 4395 10.
885 4342 1079 4412 adhuc]Rob
1099 4339 1150 4393 hoc
1225 4343 1310 4408 2514

191 4418 218 4472 in
237 4428 259 4473 et
279 4418 380 4473 facient
451 4435 492 4492 29.
511 4421 672 4492 tentatione]
695 4424 715 4478 R
733 4435 855 4493 tempore
870 4432 891 4477 et
910 4441 958 4477 om.
978 4422 1046 4477 victa
