3142 4875
232 359 284 425 44
633 361 803 409 Lauerna
833 361 942 407 nuum

228 597 289 668 vel
319 596 557 668 inhonestum
576 595 812 692 aliquatenus
838 594 1003 667 inveniri.
1061 596 1219 666 Morum
1248 593 1352 666 lzone-

229 714 317 776 stas.
355 705 473 775 Actus
488 726 617 774 eorum
632 702 753 774 omnis
768 701 1034 800 disciplinatus,
1052 700 1219 773 incessus
1231 700 1353 772 omnis

232 810 434 894 modestus
465 834 597 882 sensus
625 834 757 881 omnes
785 808 837 881 ita
866 808 1075 881 mortificati
1100 823 1207 880 erant
1228 807 1263 878 in
1284 807 1348 890 εἰς,

231 934 271 989 ut
301 916 362 987 uix
390 914 519 988 audire
548 941 613 988 seu
633 917 771 1000 videre,
804 914 872 988 nisi
901 916 1002 1012 quod
1031 940 1160 986 eorum
1181 912 1352 986 intentio·

236 1023 349 1122 [nem]
378 1039 610 1120 exposceret,
634 1019 871 1119 paterentur;
894 1022 1027 1094 defixis
1047 1021 1083 1093 in
1103 1037 1202 1093 terra
1222 1020 1349 1105 oculis
1384 1049 1401 1112 5

231 1146 357 1202 mente
377 1129 480 1202 caelo
501 1129 716 1202 haerebant.
775 1127 886 1202 Nulla
907 1128 1055 1212 invidia,
1080 1126 1178 1199 nulla
1198 1126 1348 1211 malitia,

232 1234 353 1308 nullus
382 1261 523 1322 rancor,
555 1234 654 1307 nulla
682 1235 881 1319 oblocutio,
915 1235 1013 1307 nulla
1046 1234 1219 1330 suspicio,
1251 1233 1352 1306 nulla

231 1341 441 1415 amaritudo
457 1343 493 1414 in
509 1342 563 1415 eis
581 1343 704 1415 locum
725 1343 897 1425 habebat,
920 1342 988 1414 sed
1004 1340 1204 1413 concordia
1223 1340 1347 1423 multa,

231 1449 339 1546 quies
367 1448 553 1532 continua,
583 1449 787 1545 gratiarum
817 1448 914 1521 actio
947 1466 985 1520 et
1013 1472 1087 1519 vox
1119 1446 1238 1520 laudis
1270 1462 1351 1520 erat

200 1613 201 1616 ,
232 1557 269 1628 in
290 1557 354 1628 eis,
412 1555 518 1642 Haec
536 1573 624 1627 sunt
643 1556 870 1628 documenta
889 1554 939 1651 pii
960 1551 1086 1650 patris,
1108 1555 1252 1649 quibus.
1276 1579 1350 1626 non
1385 1579 1426 1625 10

231 1665 348 1735 verbo
367 1679 511 1735 tantum
528 1678 565 1735 et
579 1661 719 1760 lingua,
737 1661 804 1734 sed
820 1687 936 1758 opere
950 1679 988 1734 et
1002 1661 1160 1734 veritate
1177 1661 1350 1745 maxime,

234 1795 351 1842 novos
379 1768 473 1842 filios
502 1768 735 1844 informabat.

661 1983 927 1992 *-

374 2196 433 2266 De
460 2220 565 2266 moro
595 2195 717 2290 ipsius
744 2195 850 2290 apud
874 2195 1021 2289 Rapum
1060 2194 1096 2265 Τ
1092 2203 1214 2265 ortum

445 2320 479 2381 et
496 2309 539 2382 de
556 2310 722 2381 custodia
732 2311 983 2405 paupertatis.
1034 2307 1135 2379 XVI.

313 2546 375 2612 42.
433 2520 694 2619 Recolligebat
713 2547 754 2594 se
774 2523 907 2596 beatus
927 2523 1147 2597 Franciscus
1167 2549 1251 2595 cum
1272 2548 1352 2595 cae·
1386 2551 1422 2613 15

142 2680 144 2683 -
229 2631 321 2701 teris
341 2629 443 2701 iuxta
464 2628 651 2701 civitatem
671 2628 805 2701 Assisii
827 2631 864 2701 in
891 2628 974 2702 loco
993 2630 1055 2726 qui
1077 2629 1210 2702 dicitur
1231 2630 1352 2728 Rigus

232 2736 382 2808 TortuS.
405 2735 493 2831 Quo
509 2735 545 2807 in
560 2734 643 2808 loco
657 2736 848 2833 tugurium
865 2737 1055 2832 quoddam
1071 2736 1239 2809 relictum
1259 2754 1348 2819 erat,

230 2846 300 2915 sub
329 2842 433 2915 cuius
462 2843 593 2914 umbra
621 2842 797 2916 vivebant
814 2868 1035 2940 magnarum
1055 2860 1093 2916 et
1113 2844 1351 2940 pulchrarum

230 2952 410 3022 domuum
440 2948 684 3022 strenuissimi
715 2967 1004 3047 contemptores
1025 2968 1064 3023 et
1092 2952 1291 3023 tuebantur
1312 2976 1352 3022 se

231 3056 369 3129 ibidem
390 3081 411 3128 a
430 3056 639 3128 turbinibus
659 3056 878 3152 pluviarum.
923 3058 1031 3139 Nam,
1055 3074 1094 3129 ut
1118 3058 1169 3129 ait
1189 3074 1349 3139 sanctus
1382 3082 1425 3128 20

231 3163 338 3235 eitius
367 3163 415 3235 de
443 3164 594 3260 tugurio
623 3188 737 3259 quarn
766 3163 814 3236 de
844 3162 982 3259 palatio
1001 3163 1038 3236 in
1061 3165 1205 3237 caelum
1225 3189 1353 3236 ascen-

232 3270 341 3342 ditur.
414 3269 745 3342 Conversabantur
777 3271 814 3342 in
843 3271 976 3343 eodem
1010 3272 1092 3344 loeo
1127 3298 1210 3344 cum
1240 3273 1352 3343 beato

232 3394 338 3473 patre
368 3375 428 3448 filii
450 3394 486 3450 et
514 3376 645 3449 fratres
664 3401 806 3457 omnes,
830 3376 866 3449 in
886 3378 1013 3450 labore
1034 3380 1150 3450 multo
1170 3394 1208 3449 et
1227 3376 1352 3473 inopia

233 3484 487 3556 universarum
508 3509 642 3569 rerum,
661 3483 878 3579 saepissime
899 3485 998 3557 omni
1016 3484 1122 3580 panis
1137 3485 1271 3556 solatio
1290 3484 1351 3557 de·

230 3590 358 3674 stituti‚
382 3589 469 3662 solis
490 3591 653 3663 contenti
675 3592 773 3687 rapis
802 3617 896 3687 quas
915 3616 982 3687 per
1008 3590 1198 3687 planitiem
1218 3590 1351 3663 Assisii
1381 3615 1422 3679 25

231 3698 303 3770 huc
323 3714 436 3793 atque
455 3697 539 3769 illuc
560 3697 595 3769 in
617 3697 791 3795 angustia
816 3699 1089 3770 mendicabant.
1149 3699 1272 3770 Locus
1293 3697 1352 3771 ille

229 3822 306 3877 tam
335 3804 624 3901 angustissimus
660 3822 748 3887 erat,
789 3821 830 3877 ut
858 3804 894 3876 in
923 3831 969 3877 eo
998 3806 1130 3877 sedere
1161 3821 1225 3877 aut
1252 3804 1352 3901 quie-

304 4012 464 4080 3.Rom.ita
527 4027 589 4077 4-5.
602 4012 636 4076 B,
655 4011 690 4062 W
697 4012 811 4065 intentio
848 4012 1036 4066 Pintentione
1056 4028 1201 4081 exposcere
1265 4031 1287 4082 5.
1304 4014 1352 4075 Os,

233 4090 269 4155 R,
289 4092 323 4143 [Γ
338 4092 365 4143 in
385 4104 485 4144 terram
558 4090 583 4143 6.
602 4092 650 4145 AS
667 4104 788 4145 mentem
809 4094 834 4144 in
857 4092 931 4146 caelo
951 4093 1083 4145 habebant
1129 4094 1182 4157 Ox,
1200 4093 1218 4144 R
1234 4106 1352 4145 mentem

229 4171 304 4223 caelo
320 4171 454 4224 habebant
511 4172 704 4225 Ehabitabant
760 4174 794 4227 Os
810 4173 993 4226 adhaerebant
1065 4173 1354 4237 3.AS,Ehabeban1

235 4250 273 4302 16.
290 4251 364 4304 usin
377 4252 496 4321 quodam
510 4253 527 4305 l.
565 4251 715 4321 ASRugus
793 4254 1187 4323 19.domuunr].iidominu1n
1225 4254 1310 4306 Hom.
1325 4270 1352 4305 se

234 4330 432 4383 zoRturbine
505 4347 546 4386 21.
564 4333 652 4401 citius]
671 4334 702 4385 M
712 4334 786 4386 cuius
861 4334 1183 4401 23.AS‚R0m.omnes
1257 4349 1297 4397 24.
1312 4334 1355 4386 AS

234 4410 324 4461 omnis
398 4410 438 4464 26.
459 4411 723 4466 ASmanducabant
798 4414 887 4482 27.H
904 4426 1034 4481 angustus
1091 4415 1125 4466 02·
1146 4417 1171 4465 in
1191 4415 1288 4466 eodem
