3142 4875
605 354 710 403 BEATI
739 354 924 404 FRANClSCI
1248 352 1322 430 297

206 462 468 471 ———.

206 585 332 681 doque
360 584 409 657 ad
437 588 559 659 locum
593 584 703 668 illum,
736 587 785 658 ob
821 587 1067 659 reverentiam
1104 587 1232 669 sancti,
1264 614 1325 660 va-

207 691 348 764 sculum
365 691 452 764 illud
466 694 599 790 apibus
614 692 765 790 plenum
782 693 985 766 inveniunt.
1043 694 1083 765 ln
1101 695 1181 791 ipso
1197 711 1323 790 autem

206 822 296 872 vase
324 798 479 872 mirabili
508 816 588 873 arte
617 800 785 873 favorum
815 799 965 874 cellulas
994 800 1234 884 fabricabant,
1267 826 1325 874 re·

205 931 295 978 vera
314 904 568 1003 significantes
587 905 912 1003 contemplationis
941 905 1188 993 dulcedinem,
1211 915 1337 1003 quam'

155 1037 173 1101 5
206 1011 254 1083 ibi
285 1012 461 1086 hauserat
488 1030 640 1086 sanctus
667 1013 752 1087 Dei.

489 1421 563 1536 [De
577 1422 781 1537 fosciano}
841 1428 1019 1508 CXXIX.

290 1653 372 1725 170.
403 1633 549 1706 Nobilis
567 1635 718 1731 quidam
748 1635 796 1707 de
825 1635 1002 1708 comitatu
1033 1634 1191 1707 Senensi
1210 1635 1324 1708 beato

205 1740 405 1813 Francisco
420 1739 618 1814 infirmanti
638 1741 841 1814 fascianum
857 1767 972 1813 unum
992 1740 1206 1814 transmisit
1248 1742 1323 1835 Qui

204 1872 288 1919 cum
316 1847 488 1921 alacriter
517 1847 616 1920 illum
645 1847 861 1945 susciperet,
895 1873 968 1920 non
988 1847 1157 1945 appetitu
1186 1848 1323 1921 edendi

137 1968 174 2015 10
203 1956 269 2026 sed
300 1979 403 2027 more
431 1979 507 2052 quo
536 1954 571 2026 in
600 1954 735 2027 talibus
763 1954 891 2027 laetari
921 1980 1070 2051 semper
1098 1954 1242 2027 solebat
1271 1954 1321 2028 ob

205 2062 396 2135 Creatoris
416 2087 593 2144 amorem,
617 2061 711 2132 dixit
739 2062 786 2133 ad
816 2061 1041 2134 fuscianum:
1064 2062 1256 2134 Laudatus
1276 2061 1323 2133 sit

205 2167 362 2240 Creator
391 2184 528 2252 noster,
559 2169 672 2241 irater
701 2167 874 2241 sasciane.
933 2167 983 2240 Et
1011 2167 1063 2240 ait
1091 2168 1137 2240 ad
1167 2168 1318 2241 fratres:

202 2273 411 2347 Tentemus
439 2275 512 2347 iam
541 2301 650 2358 nunc,
673 2274 703 2346 si
728 2275 842 2348 irater
870 2275 1056 2347 fascianus
1082 2273 1171 2346 velit
1201 2274 1322 2347 nobis·

203 2406 286 2455 cum
317 2381 463 2468 morari,
494 2407 541 2457 an
571 2382 617 2455 ad
648 2381 729 2455 loca
763 2383 882 2467 solita,
922 2399 959 2455 et
988 2382 1110 2479 magis
1138 2381 1206 2455 sibi
1236 2406 1321 2455 con-

138 2504 172 2568 15
203 2515 297 2587 grua
334 2486 505 2587 pergere.
564 2490 613 2562 Et
645 2505 800 2587 portans
837 2515 923 2561 eum
952 2489 1104 2585 quidam
1133 2489 1246 2562 frater
1273 2490 1335 2573 de¹

203 2596 320 2668 sancti
350 2598 537 2680 mandato,
568 2597 681 2694 longe
720 2596 819 2668 illum
851 2596 886 2668 in
916 2598 1025 2669 vinea
1052 2596 1186 2694 posuit.
1245 2595 1319 2689 Qui

202 2702 325 2775 statim
346 2704 493 2776 concito
512 2730 644 2801 gressu
674 2704 722 2775 ad
751 2702 881 2776 cellam
912 2728 1084 2775 reversus
1112 2720 1169 2775 est
1191 2703 1320 2799 patris.

202 2809 339 2883 lterum
368 2836 453 2883 eum
482 2810 632 2907 longius
659 2810 747 2906 poni
777 2811 977 2906 praecepit,
1009 2810 1072 2906 qui
1101 2809 1320 2907 pernicitate

203 2916 364 2990 maxima
393 2918 440 2989 ad
470 2917 583 2990 cellae
603 2918 739 2989 ostium
764 2915 881 2998 rediit.
905 2933 943 2990 et
962 2917 1067 3013 quasi
1088 2916 1161 2989 vim
1181 2918 1321 2990 iaciens

132 3038 173 3083 ²0
202 3025 270 3095 sub
291 3024 435 3096 tunicas
455 3024 606 3096 fratrum
622 3025 685 3120 qui
701 3038 808 3095 erant
824 3023 859 3096 in
876 3024 972 3096 ostio
993 3022 1167 3095 introivit.
1212 3024 1321 3096 lussit

202 3130 358 3225 proinde
387 3131 488 3203 illum
518 3147 668 3203 sanctus
697 3130 897 3227 diligenter
930 3130 1068 3212 nutriri,
1100 3130 1320 3226 amplexans

201 3237 302 3309 illum
322 3253 361 3309 et
375 3237 544 3310 dulcibus
562 3237 686 3309 verbis
706 3238 933 3310 demulcens.
991 3236 1134 3309 Videns
1154 3239 1224 3309 hoc
1246 3263 1320 3309 me-

202 3343 305 3416 dicus
334 3344 484 3440 quidam
514 3360 644 3416 sancto
673 3343 745 3416 Dei
775 3343 864 3416 satis
893 3345 1051 3416 devotus
1079 3343 1185 3441 petiit
1218 3343 1318 3416 illum

201 3475 223 3523 a
264 3450 446 3535 iratribus,
488 3449 618 3522 nolens
656 3477 741 3522 eum
779 3452 979 3524 comedere
1021 3452 1088 3523 sed
1131 3449 1231 3524 illum
1269 3451 1318 3522 ob

132 3571 170 3637 25
203 3557 447 3631 reverentiam
486 3557 603 3630 sancti
644 3557 794 3630 nutrire.
867 3558 968 3651 Quid
1005 3556 1135 3653 plura?
1174 3558 1319 3630 Detulit

201 3689 286 3736 eum
315 3690 440 3736 secum
471 3666 518 3737 ad
548 3665 711 3746 domum,
744 3664 811 3736 sed
840 3664 945 3760 quasi
976 3664 1145 3736 iniuriam
1173 3689 1315 3760 passus,

201 3771 407 3843 disiunctus
426 3771 611 3845 lascianus
640 3797 662 3842 a
691 3788 831 3853 sancto,
858 3771 979 3843 donec
1008 3772 1088 3842 sine
1118 3770 1196 3842 eius
1216 3796 1320 3867 prae-

202 3877 321 3949 sentia
360 3879 436 3961 luit,
479 3880 703 3951 manducare
742 3878 890 3975 penitus
934 3878 1060 3950 noluit.
1133 3877 1320 3973 Obstupe-

201 3984 319 4056 iactus
347 4001 404 4057 est
434 3985 609 4067 medicus
628 4001 666 4057 et
693 3985 740 4057 ad
770 4001 940 4057 sanctum
961 3985 1084 4056 statim
1114 3983 1318 4055 lascianum

131 4104 172 4169 30
202 4108 406 4186 reportans,
440 4117 535 4187 quae
564 4091 778 4164 acciderant
805 4117 873 4188 per
892 4090 1060 4163 ordinem
1082 4106 1215 4162 cuncta
1235 4115 1320 4163 nar-

201 4196 304 4269 ravit.
362 4198 455 4270 Mox
475 4214 515 4271 ut
535 4199 570 4269 in
599 4214 698 4271 terra
721 4199 866 4295 positus
890 4213 1034 4294 patrem
1064 4222 1171 4269 suum
1192 4197 1319 4269 fascia-

276 4422 296 4473 5.
315 4404 435 4474 sanctus]
457 4408 476 4461 R
497 4423 589 4458 servus
