3142 4875
188 609 252 680 tati
288 609 497 682 restitutum
531 610 734 693 inveniens,
766 611 905 683 luctum
936 612 971 683 in
1002 612 1180 709 gaudium
1211 636 1309 683 com-

188 733 353 787 mutavit.

269 827 330 893 62.
362 824 401 894 ln
431 822 566 905 Sicilia,
589 826 636 895 de
665 825 746 897 vico
774 825 914 897 Platiae
944 823 1135 896 cuiusdam
1165 823 1309 895 iuvenis

186 930 310 1001 anima
338 928 599 1002 ecclesiasticis
627 931 764 1003 debitis
789 932 1060 1014 commendata,
1093 956 1160 1027 per
1188 931 1306 1002 sancti

139 1059 153 1121 ς
187 1035 301 1131 patris
335 1036 561 1134 suffragium,
594 1038 683 1109 dum
712 1037 746 1109 ei
775 1062 798 1110 a
827 1038 990 1133 quodam
1026 1062 1093 1108 suo
1122 1038 1307 1109 avunculo

185 1159 393 1224 voveretur,
425 1145 473 1213 ab
502 1142 584 1238 ipso
613 1144 742 1215 mortis
771 1143 923 1216 introitu
953 1160 1159 1217 revocatur.

267 1254 289 1319 6
295 1273 329 1341 3.
346 1250 385 1321 in
402 1249 536 1321 eodem
552 1251 683 1347 burgo,
703 1275 786 1322 cum
803 1251 955 1345 quidam
973 1249 1125 1330 iuvenis,
1140 1251 1301 1322 Alexan·

91 1441 93 1443 ¹
184 1356 252 1428 der
293 1356 422 1436 dictus,
459 1381 572 1452 super
605 1356 715 1429 altam
746 1383 876 1454 rupem
911 1383 994 1428 cum
1026 1356 1136 1429 sociis
1177 1358 1304 1429 sunem

184 1465 358 1540 traheret.
381 1478 489 1558 rupta
518 1464 604 1535 sune
634 1464 681 1535 de
710 1489 803 1560 rupe
823 1464 1100 1560 praecipitatus,
1123 1481 1301 1547 mortuus

118 1589 155 1635 ro
186 1584 224 1640 ut
244 1570 453 1664 putabatur,
476 1569 635 1643 effertur.
685 1571 809 1665 Quem
831 1596 915 1643 cum
936 1587 1041 1668 pater
1061 1569 1185 1666 ipsius,
1204 1570 1306 1643 lacri-

185 1674 253 1746 mis
281 1694 318 1747 et
347 1676 571 1773 singultibus
601 1678 742 1772 plenus
775 1693 906 1750 sancto
935 1677 1072 1750 Christi
1102 1676 1302 1750 Francisco

183 1801 347 1864 voveret,
379 1808 509 1855 sanum
539 1799 577 1856 et
606 1783 830 1856 incolumem
861 1810 946 1856 eum
976 1783 1128 1879 recepit.

265 1894 325 1978 64.
357 1890 535 1964 Eiusdem
564 1890 692 1986 oppidi
727 1890 867 1970 mulier,
900 1889 1032 1962 ethicis
1068 1888 1305 1986 passionibus

183 1994 366 2076 laborans,
406 1998 454 2069 ad
492 2013 699 2069 extremum
739 1998 930 2093 perducta,
967 1994 1305 2068 commendationis

117 2124 149 2186 15
182 2102 329 2175 animae
365 2102 549 2175 beneficio
591 2104 775 2201 fungitur;
816 2104 882 2175 sed
920 2128 942 2176 a
978 2101 1303 2174 circumstantibus
1360 2193 1365 2202 Ι

182 2227 288 2304 pater
316 2227 571 2282 sanctissimus
598 2227 801 2292 invocatur,
824 2226 862 2282 et
892 2228 1069 2281 continuo
1099 2225 1304 2281 restituitur

182 2315 340 2388 sanitati.

262 2429 321 2515 65.
353 2423 468 2521 Apud
502 2424 608 2503 Rete.
646 2423 829 2496 dioecesis
866 2421 1303 2520 Cusentinae‚'c0ntigit

181 2530 276 2601 duos
290 2556 427 2627 pueros
448 2530 557 2603 castri
578 2533 745 2602 eiusdem
762 2531 797 2602 in
813 2530 951 2602 scholis
970 2548 1160 2601 morantes
1176 2530 1298 2613 rixari,

109 2655 151 2702 20
180 2653 218 2708 et
246 2637 402 2709 alterum
431 2639 478 2709 ab
507 2638 625 2711 altero
655 2638 690 2709 in
719 2654 872 2733 pectore
901 2636 1086 2709 vulnerari
1111 2654 1185 2708 tam
1215 2662 1299 2733 gra·

180 2743 283 2824 viter,
315 2745 416 2839 quod
445 2745 639 2821 stomacho
668 2744 777 2815 vaide
811 2745 913 2816 laeso
950 2744 1054 2815 cibus
1092 2743 1303 2840 indigestus

180 2875 246 2944 per
260 2852 394 2922 vulnus
412 2851 580 2946 exir[et]‚
603 2867 641 2922 et
661 2850 799 2921 nullum
820 2867 949 2946 posset
967 2850 1065 2922 idem
1083 2875 1176 2946 puer
1191 2850 1296 2923 nutri·

180 2973 345 3028 mentum
366 2974 504 3030 tenere.
555 2958 649 3030 Nam
683 2982 805 3052 neque
834 2958 1076 3053 digerebatur
1100 2956 1214 3037 cibus,
1239 2984 1297 3029 ne-

179 3088 253 3157 que
281 3064 405 3160 aliquo
441 3066 677 3160 receptaculo
714 3064 922 3147 tenebatur,
954 3066 1021 3136 sed
1059 3090 1126 3160 per
1159 3065 1299 3137 dictum

105 3188 147 3252 25
179 3168 312 3242 vulnus
340 3171 549 3267 indigestus
568 3172 706 3243 exibat.
759 3170 869 3243 Nullo
897 3188 1022 3244 autem
1053 3170 1120 3243 sibi
1152 3172 1301 3244 medico

178 3276 371 3374 suffragari
401 3277 558 3357 valente,
582 3294 757 3373 parentes
788 3304 860 3352 una
889 3305 973 3351 cum
994 3279 1087 3375 ipso
1110 3279 1157 3350 ad
1178 3279 1298 3349 moni-

178 3382 318 3454 tionem
348 3384 538 3456 cuiusdam
569 3384 700 3463 [ratris.
733 3385 765 3456 ei
797 3386 859 3481 qui
879 3385 1013 3457 vulnus
1034 3387 1209 3457 intulerat
1237 3411 1297 3478 pe·

179 3493 386 3586 percerunt,
400 3508 437 3562 et
452 3491 563 3563 beato
575 3481 775 3563 Francisco
790 3510 973 3564 voverunt
984 3493 1085 3587 quod
1101 3491 1128 3561 si
1142 3516 1298 3585 puerum

179 3598 409 3671 vulneratum
431 3598 588 3670 letaliter
607 3616 644 3670 et
672 3624 694 3670 a
715 3598 869 3670 medicis
889 3600 1127 3693 desperatum
1149 3623 1170 3668 a
1191 3598 1298 3668 fauce

108 3719 149 3783 30
179 3705 307 3775 mortis
335 3705 505 3801 eriperet,
539 3730 623 3776 eum
653 3706 700 3776 ad
730 3730 835 3777 suam
869 3704 1065 3776 ecclesiam
1096 3704 1295 3786 mitterent,

178 3826 216 3881 et
235 3809 353 3907 ipsam
374 3812 528 3883 candela
549 3810 584 3882 in
606 3811 759 3882 circuitu
780 3812 984 3908 cingerent.
1036 3811 1152 3882 Facto
1171 3825 1296 3881 autem

178 3933 277 4003 voto,
299 3943 392 4014 puer
420 3920 471 3990 ita
490 3917 652 3990 totaliter
679 3935 717 3989 et
737 3917 889 3990 mirifice
910 3918 1086 3988 liberatus
1106 3933 1171 3991 est.
1196 3916 1296 4011 quod

178 4023 378 4096 iudicatum
408 4024 474 4096 fuit
502 4050 523 4095 a
554 4025 708 4097 medicis
728 4026 775 4096 de
804 4024 960 4095 Salerno
986 4047 1059 4094 non
1089 4023 1210 4094 minus
1231 4022 1299 4094 mi-

178 4131 353 4215 raculum,
385 4157 497 4227 quam
527 4132 557 4203 si
587 4149 686 4204 esset
715 4158 737 4203 a
767 4130 922 4202 mortuis
951 4130 1161 4202 suscitatus.

106 4254 144 4317 35
259 4242 318 4309 66.
353 4239 413 4309 Ad
443 4239 612 4311 Montem
641 4238 884 4332 Traphanum
915 4239 1002 4309 dum
1033 4262 1101 4332 pro
1130 4237 1206 4308 suis
1236 4262 1296 4307 ne·

247 4483 289 4521 22.
311 4470 341 4521 M
357 4467 422 4521 exiri
