3142 4875
271 324 341 394 182
642 348 815 397 cuuexon
842 348 1008 398 scembs

264 581 352 665 Mel,
384 581 445 665 ait,
476 581 566 653 estis
594 579 656 653 lilii
684 596 723 655 et
740 581 934 666 haeredes,
956 580 1088 657 timere
1109 582 1233 657 nolite.
1283 586 1383 659 Nam

264 690 294 762 si
324 688 371 761 de
401 713 530 762 mensa
558 713 642 769 mea
671 687 882 761 nutriuntur
899 690 1078 773 extranei,
1102 689 1233 764 iustius
1261 708 1318 766 est
1343 710 1383 765 ut

264 794 417 869 enutriri
459 794 591 868 faciam
620 792 755 891 quibus
790 794 1001 869 haereditas
1019 812 1098 870 tota
1126 798 1174 871 de
1202 797 1281 873 iure
1307 825 1383 873 ser-

263 920 381 976 vatur.
439 901 790 1005 Mandatproinde·
810 926 876 974 rex
912 902 1053 976 mulieri
1084 920 1124 977 ut
1165 930 1297 978 omnes
1333 932 1382 979 ex

263 1036 305 1083 se
332 1008 483 1108 genitos
509 1008 558 1082 ad
599 1033 705 1082 suam
734 1008 875 1082 curiam
903 1011 1112 1106 pascendos
1140 1013 1378 1086 transmittat.
1417 1046 1436 1109 5

265 1116 405 1189 Laetus
432 1132 469 1190 et
497 1114 670 1212 gaudens
698 1130 848 1188 sanctus
876 1115 1032 1190 efficitur
1050 1118 1099 1190 de
1127 1119 1315 1212 parabola,
1343 1137 1383 1194 et

265 1248 411 1297 sacrum
440 1222 631 1296 oraculum
659 1221 829 1319 protinus
857 1240 1024 1319 reportat
1050 1224 1099 1297 ad
1119 1226 1272 1323 Papam.

351 1348 406 1422 17.
424 1328 560 1402 Mulier
574 1329 667 1402 haec
682 1345 762 1402 erat
776 1330 808 1401 F
811 1329 998 1402 ranciscus
1014 1331 1214 1404 multorum
1230 1333 1383 1406 foecun-

266 1436 381 1510 ditate
424 1452 595 1510 natorum
638 1460 711 1508 non
753 1435 935 1509 sactorum
966 1436 1127 1511 mollitie.
1179 1440 1382 1512 Desertum

267 1543 427 1617 mundus
467 1559 637 1640 tempore
678 1541 741 1615 illo
768 1541 928 1616 incultus
969 1559 1007 1617 et
1038 1544 1173 1618 sterilis
1214 1546 1383 1619 doctrina
1419 1579 1463 1624 10

265 1651 453 1723 virtutum.
509 1649 686 1722 Filiorum
716 1665 873 1722 venusta
900 1666 939 1722 et
965 1652 1072 1749 larga
1089 1652 1291 1750 progenies
1310 1654 1382 1725 fra-

265 1773 361 1831 trum
404 1754 597 1854 multiplex
640 1780 817 1829 numerus
844 1773 882 1829 et
909 1757 1009 1830 omni
1037 1758 1174 1831 virtute
1203 1760 1378 1833 decorus:

265 1866 348 1938 Rex
391 1865 485 1937 filius
526 1863 610 1945 Dei,
642 1863 701 1935 cui
743 1880 872 1937 sancta
907 1880 1128 1962 paupertate
1170 1866 1382 1940 consimiles

265 1973 398 2047 eadem
439 1971 557 2044 forma
584 1969 825 2068 respondent,
866 1971 928 2066 qui
963 1972 1138 2045 nutritiva
1166 1974 1214 2045 de
1253 1999 1383 2048 mensa

264 2078 376 2178 regis
407 2076 508 2152 omni
537 2075 686 2150 vilitatis
726 2077 862 2150 rubore
905 2094 1132 2176 contempto,
1164 2079 1379 2178 suscipiunt,
1420 2113 1457 2178 ¹5

265 2213 349 2259 cum
377 2184 584 2259 imitatione
612 2182 749 2256 Christi
778 2183 954 2270 contenti,
975 2186 1300 2284 eleemosynisque
1328 2187 1382 2260 vi-

265 2310 407 2379 ventes,
437 2316 505 2388 per
524 2290 652 2363 mundi
672 2292 873 2387 opprobria
892 2292 1035 2365 futuros
1054 2318 1094 2366 se
1113 2295 1245 2369 beatos
1266 2319 1381 2392 agno·

265 2414 381 2474 scant.
445 2398 604 2472 Miratur
630 2397 805 2471 dominus
832 2399 934 2496 Papa
961 2398 1191 2497 propositam
1221 2400 1289 2474 sibi
1319 2427 1381 2500 pa·

265 2507 441 2587 rabulam,
460 2523 498 2579 et
512 2505 765 2579 indubitanter
779 2505 970 2579 Christum
990 2505 1153 2580 locutum
1173 2507 1210 2580 in
1230 2509 1380 2582 homine

191 2673 193 2677 Α
266 2613 512 2711 recognoscit.
561 2613 796 2685 Recordatur
815 2612 967 2685 visionis
987 2614 1179 2687 cuiusdam
1199 2641 1310 2711 quam
1330 2618 1381 2689 vi·
1413 2649 1458 2696 20

265 2722 371 2795 derat
398 2719 530 2793 diebus
558 2718 686 2817 paucis
713 2736 802 2792 ante
829 2721 1037 2804 transactis,
1059 2747 1171 2818 quam
1199 2739 1237 2795 et
1256 2723 1292 2795 in
1310 2723 1381 2796 hoc

265 2827 415 2901 homine
434 2827 513 2899 lore
542 2826 813 2922 complendam,
836 2826 974 2924 Spiritu
1003 2845 1134 2901 sancto
1153 2830 1313 2903 docente
1332 2833 1381 2902 al-

264 2935 396 3008 firmat.
453 2933 610 3007 Viderat
628 2933 664 3006 in
693 2934 840 3040 somnis·
862 2935 1154 3008 Lateranensem
1190 2935 1380 3010 basilicam

265 3044 343 3115 lore
371 3039 579 3138 proximam
609 3040 682 3113 iam
701 3040 840 3126 ruinae,
866 3066 978 3137 quam
999 3042 1149 3138 quidam
1170 3043 1377 3141 religiosus,
1435 3071 1436 3074 ¹

265 3149 378 3222 homo
407 3147 576 3220 modicus
587 3162 628 3219 et
642 3147 852 3244 despectus
875 3148 1027 3245 proprio
1055 3150 1167 3223 dorso
1196 3151 1382 3224 submisso
1412 3182 1453 3248 25

266 3281 313 3328 ne
341 3255 492 3328 caderet
527 3255 770 3327 sustentabat.
837 3254 948 3340 Vere,
988 3254 1116 3352 inquit,
1148 3256 1207 3331 hic
1236 3257 1296 3330 ille
1324 3273 1382 3330 est

265 3363 328 3460 qui
357 3387 471 3460 opere
500 3386 544 3433 ac
573 3361 742 3434 doctrina
784 3361 922 3435 Christi
964 3363 1214 3436 substentabit
1254 3363 1381 3437 Eccle-

265 3468 369 3542 siam.
427 3469 519 3541 lnde
547 3468 721 3540 dominus
757 3467 817 3541 ille
849 3469 1018 3565 petitioni
1052 3469 1132 3542 eius
1164 3486 1240 3543 tam
1274 3470 1380 3543 facile

265 3602 306 3649 se
334 3575 503 3648 inclinat:
534 3576 619 3648 hinc
649 3575 722 3648 Dei
751 3574 951 3648 devotione
980 3577 1144 3672 repletus
1173 3577 1310 3650 Christi
1331 3578 1379 3650 sa-

264 3682 405 3757 mulum
434 3681 585 3778 speciali
613 3707 762 3778 semper
791 3681 919 3754 dilexit
939 3708 1077 3755 amore.
1137 3685 1297 3756 Proinde
1316 3709 1379 3780 po·
1412 3717 1455 3781 30

263 3791 401 3864 stulata
429 3789 503 3863 cito
532 3788 726 3872 concessit,
758 3805 797 3861 et
825 3789 895 3862 hiis
923 3788 1029 3886 plura
1057 3790 1180 3863 adhuc
1221 3791 1381 3864 devotus

264 3896 471 3971 concedere
513 3896 736 3994 repromisit.
803 3895 939 3993 Coepit
981 3896 1118 3970 exinde
1159 3898 1380 3971 auctoritate

264 4006 333 4076 sibi
362 4029 541 4077 concessa
569 4003 745 4076 virtutum
774 4005 917 4077 semina
936 4029 1127 4101 spargere,
1156 4005 1324 4077 civitates
1343 4021 1382 4077 et

264 4112 415 4185 castella
444 4109 625 4183 circuiens
652 4110 870 4207 praedicare
899 4110 1111 4183 ferventius.

338 4309 377 4346 10.
405 4293 540 4363 tempore]
570 4293 590 4345 R
619 4294 677 4363 ipse
703 4301 726 4346 et
754 4293 800 4360 leg.
830 4292 958 4347 incultior
1052 4299 1144 4363 17-18.
1174 4295 1203 4348 ll
1232 4311 1382 4362 agnoscunt

269 4390 307 4442 19,
328 4374 359 4425 M
375 4390 424 4425 om.
445 4373 563 4425 locutum
637 4388 678 4425 22.
698 4374 806 4442 sancto]
826 4375 856 4426 M
875 4391 903 4426 se
977 4374 1018 4425 28.
1038 4375 1106 4444 tam]
1127 4377 1147 4429 R
1166 4376 1220 4427 iam
