3142 4875
252 310 325 359 LXII
669 309 946 359 PROLEGOMENA

249 551 426 600 reservatus
450 531 490 599 ad
513 534 665 600 Museum
685 533 935 600 Franciscanum
952 555 969 597 a
992 533 1198 620 praelaudato
1217 534 1371 625 religioso

250 642 318 708 viro
338 640 488 707 Massiliis
510 641 704 719 institutum,
723 640 780 708 sed
805 662 984 728 numquam
1002 631 1035 709 in
1054 640 1109 707 illo
1133 640 1295 730 depositus
1312 640 1372 709 luit

250 766 281 814 et
304 749 350 813 sic
369 747 464 814 huius
485 746 589 814 Musei
613 749 766 815 iacturam
787 749 899 815 evasit.

317 855 356 921 1¹¹
380 853 526 942 cat³l⁰80
550 853 699 922 cOdicum
718 876 777 920 ms.
799 859 956 943 praelatae
976 853 1188 922 bibliothecae
1208 857 1371 923 Bonconr·

250 961 347 1048 pagni
371 961 416 1026 sic
439 957 499 1028 luit
521 959 757 1047 descriptustl¹l

325 1139 371 1193 155
392 1123 461 1194 (49).
498 1123 615 1177 Volume
628 1123 691 1189 in·4
703 1122 811 1193 piccolo
825 1126 875 1192 (m.
888 1124 968 1186 onas
984 1131 1009 1184 )<
1023 1126 1117 1193 0,132)
1129 1165 1135 1176 .
1145 1164 1169 1177 ..
1204 1123 1238 1175 Di
1252 1141 1285 1194 74
1299 1139 1372 1179 carte

251 1213 456 1266 membranacee
480 1226 619 1265 numerate
639 1213 683 1265 nei
704 1226 776 1266 recto
799 1226 874 1280 1·74.
919 1213 1019 1266 Scritto
1038 1213 1082 1266 nel
1101 1211 1195 1266 secolo
1215 1228 1273 1267 xw.
1319 1214 1371 1268 Gia

251 1301 346 1355 codice
365 1318 391 1354 n.
411 1300 441 1356 16
461 1302 487 1354 di
507 1302 598 1355 Pietro
618 1301 796 1356 Giacometti.

318 1462 469 1549 Sequitur
492 1463 526 1528 in
550 1460 698 1550 catalogo
722 1461 882 1547 expositio
902 1462 1009 1528 minus
1029 1481 1139 1529 exacta
1155 1485 1268 1532 eorum
1286 1488 1373 1554 quae

252 1569 397 1637 continet
419 1566 533 1647 codex,
557 1586 590 1634 et
611 1591 694 1656 quae
716 1588 806 1636 sunt:

322 1726 348 1781 ff.
372 1742 446 1798 1-39.
482 1726 642 1781 Memoriale
660 1739 800 1798 gestorum
821 1740 847 1780 et
866 1728 996 1781 virtutum
1021 1730 1106 1782 sancti
1133 1730 1279 1785 francisci.
1330 1733 1375 1786 ln·

251 1820 329 1889 cipit:
340 1836 354 1867 c
365 1817 498 1888 Prologus
512 1816 681 1870 Memorialis
691 1856 698 1871 .
710 1857 734 1870 ..
773 1818 903 1870 Continet
916 1818 943 1870 in
958 1819 1119 1889 primis...»
1157 1819 1275 1892 Explicit
1289 1840 1314 1892 p.
1327 1840 1374 1892 39:

252 1907 405 1961 «clamavit
424 1924 492 1977 papa
513 1906 686 1977 Gregorius»
707 1907 901 1977 (incomplet.).

320 1995 454 2064 fito-73·
492 1995 853 2051 Tractatusmiraculorum.
894 1997 1057 2068 «incipiunt
1071 2001 1283 2056 miracula...»
1323 2003 1374 2056 Ex·

252 2086 326 2157 plicit
345 2103 373 2158 p.
393 2101 467 2154 73a:
489 2086 669 2140 «Auctoritas
690 2088 880 2157 praelatorum.
919 2089 1019 2142 Amen.
1057 2090 1146 2143 Finito
1166 2090 1235 2144 libro
1261 2092 1375 2147 sitlans

252 2190 278 2228 et
296 2176 382 2248 gloria
403 2176 550 2229 Christo».

321 2263 339 2316 f.
359 2280 390 2333 73
408 2264 432 2328 b,
447 2277 527 2317 vacat
546 2276 571 2317 et
591 2262 608 2316 f.
628 2279 662 2332 74
681 2265 714 2317 ad
732 2265 892 2335 operculum
913 2267 1038 2335 pertinet.

318 2462 509 2526 Accuratam
534 2458 629 2526 huius
652 2457 770 2525 codicis
790 2459 1038 2546 descriptionem
1060 2460 1148 2528 dedit
1164 2464 1199 2529 P.
1218 2463 1291 2531 Van
1309 2464 1375 2533 Or·

251 2585 323 2650 troy
337 2564 369 2632 S.
384 2565 421 2646 1,
438 2585 513 2630 cum
527 2562 626 2630 edidit
638 2561 830 2631 Tractatum
846 2565 1087 2645 miraculorum,
1103 2585 1244 2636 attamen
1258 2591 1375 2657 parvus

252 2693 338 2737 error
353 2670 476 2758 irrepsit
488 2671 520 2736 in
536 2671 786 2758 quaternionum
803 2689 835 2738 et
850 2669 1003 2738 foliorum
1017 2671 1236 2762 dispositionis
1252 2675 1375 2743 indica·

252 2780 351 2848 tione.
387 2778 515 2846 Folium
525 2777 720 2845 additionale
732 2778 876 2846 secundo
888 2780 1090 2867 quaternioni
1104 2781 1375 2870 conglutinatum,

253 2887 292 2955 de
306 2909 372 2975 quo
385 2886 526 2975 loquitur
542 2885 614 2975 (fol.
631 2905 649 2952 2
654 2886 701 2974 5),
722 2886 862 2974 primum
881 2904 948 2952 erat
966 2886 1048 2953 tertii
1066 2890 1302 2975 quaternionis3
1318 2891 1374 2957 sed

253 2994 363 3061 avulsa
386 2994 483 3061 altera
506 2993 677 3060 medietate
701 3015 742 3059 ne
762 2990 875 3060 folium
888 2992 965 3060 illud
982 2994 1214 3083 disperderetur
1229 2996 1374 3066 secundo

253 3102 456 3189 quaternioni
472 3100 532 3168 fuit
550 3119 768 3189 compactum,
789 3099 876 3189 quod
898 3100 981 3169 clare
1005 3119 1130 3170 constat
1150 3126 1168 3169 e
1186 3106 1375 3191 repetitione

253 3211 430 3297 primorum
451 3207 622 3275 verborum
642 3206 711 3275 folii
729 3230 746 3275 2
754 3233 769 3295 5
791 3211 823 3275 in
847 3209 994 3297 margine
1014 3206 1153 3277 inferiori
1174 3208 1242 3277 folii
1259 3232 1312 3298 24,
1330 3213 1375 3280 uti

254 3316 387 3384 habetur
406 3317 438 3383 in
454 3314 519 3381 fine
535 3315 736 3401 singulorum
754 3315 1014 3403 quaternionum.
1065 3316 1162 3384 Unde
1178 3316 1376 3387 concluden-

255 3424 333 3491 dum
350 3440 398 3489 est
414 3420 561 3488 avulsum
578 3418 676 3487 fuisse
692 3421 841 3487 ultimum
862 3419 975 3488 lolium
991 3422 1112 3509 primae
1128 3425 1224 3508 partis
1244 3424 1377 3506 codicis,

255 3527 309 3598 ubi
332 3526 497 3617 legebatur
520 3525 592 3592 finis
613 3525 741 3615 capituli
762 3552 778 3590 u
794 3529 843 3593 De
860 3530 1104 3596 canonizatione
1121 3547 1152 3594 et
1170 3531 1376 3599 translatione

255 3639 356 3704 sancti
381 3635 540 3702 Francisci
555 3660 584 3702 r.

322 3743 418 3811 Plura
433 3741 574 3809 notanda
590 3761 665 3808 sunt
681 3742 761 3808 circa
776 3760 901 3810 textum
919 3743 1090 3830 Legendae
1103 3743 1263 3811 secundae
1278 3767 1375 3833 quem

255 3848 383 3938 praebet
407 3849 458 3915 ille
483 3846 596 3929 codex,
621 3866 653 3914 et
676 3848 816 3936 primum
840 3848 1039 3916 excludenda
1064 3868 1111 3917 est
1142 3851 1254 3938 opinio
1279 3873 1374 3939 quam

255 3959 405 4046 proponit
426 3955 596 4036 Rosedale‚
619 3956 673 4044 qui
698 3956 730 4023 in
756 3956 816 4022 hac
835 3958 936 4043 prima
955 3976 1043 4045 parte
1058 3957 1142 4025 illius
1159 3980 1220 4026 ms.
1240 3959 1376 4049 inveniri

255 4082 346 4152 putat
368 4087 450 4152 opus
474 4061 637 4130 diversum
661 4061 700 4129 ab
723 4084 764 4129 eo
787 4061 876 4150 quod
900 4062 1016 4151 legitur
1043 4063 1075 4129 in
1095 4063 1167 4131 cod.
1195 4066 1376 4132 Assisiensi.

329 4311 372 4378 (1)
392 4310 513 4379 Calalogo
532 4311 558 4363 di
572 4312 729 4365 artonoscrirti
753 4329 799 4365 oro
819 4311 943 4382 possedutr'
962 4311 994 4364 da
1013 4313 1049 4364 D.
1068 4313 1230 4367 Buldussarrc
1256 4314 1375 4367 Boncom·

256 4401 343 4468 pugni,
362 4398 511 4467 compilato
530 4400 563 4451 da
583 4398 681 4452 Enrico
701 4400 864 4463 Nartuuccr,
884 4400 910 4453 2²
929 4399 1059 4466 edizione,
1081 4402 1179 4468 Roma,
1202 4404 1276 4472 1892,
