3142 4875
247 271 321 358 376
553 289 759 336 'funeratus
790 290 836 337 ns
867 288 1060 336 attractus

248 397 558 407 ——.-———-—--...
583 399 706 404 „d-...n-
724 398 773 404 ..-
790 399 813 403 -
832 395 1394 404 γ.--.--.----...--.-.,----.-,--.--

244 524 493 604 daemonium,
526 523 703 620 quoniam
733 524 826 596 hora
854 523 963 595 tertia
991 523 1123 595 beatus
1145 524 1395 595 Franciscus

246 657 303 702 me
332 632 380 703 ab
422 630 523 702 omni
567 631 700 702 morbo
742 629 897 707 sanavit,
934 629 1168 725 praecipiens
1210 629 1299 699 mihi
1334 647 1392 699 ut

247 737 333 809 nulli
364 738 435 809 boc
465 736 628 809 dicerem
660 761 777 831 usque
807 736 932 807 modo.
992 735 1052 807 Fit
1081 761 1217 808 nomen
1256 736 1389 807 Fran·

246 843 331 915 cisci
361 868 473 915 causa
501 844 711 940 stupendae
739 842 913 918 laetitiae.
956 842 1091 938 quibus
1128 841 1384 916 daemonium

246 952 365 1023 luerat
395 976 506 1022 causa
536 951 659 1047 fugae.
719 950 872 1046 Cogunt
902 949 981 1044 ipsa
1010 951 1101 1021 hora
1130 946 1292 1045 puellam
1322 950 1384 1021 de
1424 973 1444 1034 5

246 1056 383 1153 gallina
413 1057 623 1138 comedere,
655 1056 722 1128 sed
751 1081 913 1128 renuens
941 1055 1011 1136 illa,
1044 1056 1131 1152 quia
1151 1056 1269 1127 maior
1289 1072 1382 1127 erat

246 1163 546 1260 quadragesima,
570 1164 710 1259 respuit
731 1164 967 1235 manducare.
1016 1163 1152 1243 Nolite,
1176 1162 1305 1257 inquit,
1329 1161 1377 1234 ti-

248 1296 359 1342 mere.
417 1271 553 1342 Nonne
583 1270 716 1342 videtis
745 1286 915 1342 sanctum
945 1269 1184 1341 Franciscum
1204 1267 1298 1340 albis
1318 1269 1377 1340 in-

246 1376 404 1448 dutum?
462 1377 559 1449 Ecce
580 1376 732 1447 mandat
753 1375 840 1447 mibi
862 1394 902 1448 ut
922 1401 1052 1448 carnes
1068 1401 1141 1448 non
1158 1376 1370 1456 comedam,

246 1484 332 1579 quia
361 1484 650 1580 quadragesima
672 1499 738 1562 est,
756 1500 796 1555 et
811 1484 1000 1555 funeream
1030 1483 1193 1555 tunicam
1224 1480 1372 1554 mulieri
1418 1505 1462 1549 ιο

246 1588 319 1670 tali,
352 1616 448 1686 quae
478 1590 586 1662 sedet
614 1590 650 1661 in
676 1614 837 1672 carcere,
860 1589 1040 1686 praecipit
1069 1587 1249 1664 exbiberi.
1307 1588 1343 1657 V
1347 1591 1372 1659 i-

246 1697 331 1768 dete
355 1723 462 1778 nunc,
486 1695 609 1767 videte
640 1712 677 1767 et
705 1695 861 1792 aspicite
890 1695 1139 1768 recedentem.

330 1824 347 1894 5
356 1828 388 1896 3.
412 1803 527 1898 Apud
545 1804 760 1898 Neptunum
776 1820 852 1874 tres
873 1803 1047 1874 mulieres
1060 1819 1168 1875 erant
1187 1802 1223 1874 in
1240 1803 1367 1884 domo,

247 1936 401 2005 quarum
424 1936 499 1981 una
527 1910 665 1981 devota
685 1909 860 1982 fratribus
890 1910 1024 1981 nostris
1043 1927 1081 1981 et
1100 1927 1231 1981 sancto
1256 1910 1370 1981 Fran·

247 2015 346 2088 cisco
367 2016 608 2088 devotissima
638 2031 727 2088 erat.
779 2015 904 2089 Vento
924 2041 1105 2087 concussa
1126 2017 1261 2087 domus
1285 2017 1370 2088 sub·
1413 2037 1449 2100 15

248 2123 372 2196 r'uitur.
405 2124 498 2194 duas
518 2122 705 2219 opprimit,
729 2122 911 2206 interficit,
944 2122 1086 2217 sepelit.
1136 2123 1259 2195 Adest
1287 2147 1369 2219 pro-

248 2231 346 2302 tinus
366 2232 478 2302 tacite
498 2231 692 2301 invocatus
721 2230 854 2301 beatus
875 2229 1105 2312 Franciscus,
1128 2246 1165 2301 et
1193 2230 1369 2302 devotam

248 2363 351 2408 suam
384 2337 418 2408 in
450 2335 549 2407 nullo
570 2335 664 2407 laedi
686 2335 876 2431 permittit.
925 2335 1057 2407 Murus
1081 2336 1179 2408 enim
1210 2334 1267 2407 cui
1289 2361 1370 2407 mu-

250 2445 315 2515 lier
343 2445 578 2523 cohaerebat,
611 2444 657 2515 ad
687 2444 767 2515 eius
798 2469 1008 2516 mensuram
1038 2468 1152 2516 sanus
1180 2443 1367 2523 remansit,

249 2552 304 2622 cui
335 2551 459 2621 trabes
489 2576 536 2621 ex
565 2551 640 2623 alto
670 2576 847 2623 corruens
876 2577 916 2622 se
945 2550 1068 2622 taliter
1101 2550 1298 2645 coaptavit,
1332 2570 1369 2621 ut
1402 2574 1444 2618 20

248 2681 359 2728 omne
380 2657 527 2750 pondus
548 2658 688 2728 ruentis
708 2656 840 2729 excidii
863 2658 1073 2729 sustineret.
1120 2656 1303 2728 Homines
1322 2657 1370 2728 ad

249 2764 376 2834 ruinae
406 2763 568 2835 sonitum
607 2781 872 2836 concurrentes
909 2788 978 2860 pro
1015 2764 1160 2835 duabus
1198 2763 1371 2834 interem-

249 2868 320 2965 ptis
348 2869 529 2950 lacrimas,
565 2895 632 2965 pro
665 2870 744 2941 viva
780 2871 932 2943 fratrum
952 2869 1073 2942 amica
1098 2888 1228 2942 sancto
1258 2870 1369 2941 Fran·

249 2975 348 3047 cisco
377 2975 518 3071 gratias
546 2978 815 3072 persolverunt.

332 3102 390 3171 54.
425 3082 538 3178 apud
562 3082 779 3167 Cornetum,
806 3082 1053 3155 Viterbiensis
1082 3083 1266 3155 dioecesis
1296 3108 1369 3153 non
1401 3105 1437 3168 25

249 3188 414 3285 ignobile
445 3190 510 3261 sed
542 3208 767 3286 praepotens
806 3208 978 3270 castrum,
1011 3216 1095 3261 cum
1126 3189 1161 3260 in
1191 3192 1275 3261 loco
1304 3188 1369 3261 lra·

249 3314 345 3366 trum
377 3321 558 3391 campana
590 3297 805 3389 quantitatis
835 3323 908 3370 non
943 3297 1112 3369 modicae
1141 3296 1368 3375 funderetur,
1530 3336 1559 3378 1

250 3419 287 3474 et
317 3402 419 3474 multi
450 3404 714 3475 convenissent
743 3405 895 3477 fratrum
915 3403 1024 3477 amici
1053 3403 1116 3475 tali
1145 3404 1249 3497 operi
1269 3405 1371 3475 auxi-

249 3510 337 3581 lium
368 3510 581 3607 impensuri.
616 3530 766 3605 peracta
801 3511 872 3582 iam
911 3511 1068 3599 lusione,
1098 3536 1179 3582 curn
1210 3509 1369 3582 exsulta-

249 3618 350 3688 tione
373 3642 511 3713 magna
532 3617 720 3689 convivari
741 3636 957 3713 coeperunt.
1017 3618 1065 3689 Et
1084 3642 1174 3689 ecce
1193 3618 1371 3712 puerulus
1404 3640 1440 3705 30

249 3723 399 3820 quidam
421 3724 604 3802 octennis,
625 3724 935 3796 Bartholomaeus
957 3725 1116 3803 nornine,
1140 3725 1244 3795 cuius
1265 3740 1372 3818 pater

250 3850 287 3902 et
316 3850 471 3926 patruus
501 3831 634 3902 fusioni
664 3830 905 3903 devotissime
935 3830 1161 3911 insudarant‚
1193 3831 1370 3902 exenium

250 3938 438 4033 quoddam
476 3937 761 4009 convivantibus
796 3937 1017 4032 apportavit.
1076 3936 1208 4009 Subito
1239 3953 1371 4009 ventus

251 4043 600 4115 vehementissimus
630 4045 783 4125 irruens,
818 4070 999 4116 concussa
1018 4044 1141 4127 dom0,
1166 4044 1286 4139 ipsum
1307 4043 1368 4115 do·

251 4176 332 4219 mus
366 4152 512 4225 ostium.
545 4152 647 4245 quod
679 4176 839 4247 magnae
876 4151 982 4222 molis
1011 4167 1091 4222 erat
1128 4165 1240 4246 atque
1271 4174 1437 4241 men-,35

250 4280 368 4333 surae,
403 4255 437 4323 in
468 4254 589 4349 ipsum
620 4259 814 4351 puerulum
836 4257 983 4328 turbine
1007 4275 1112 4328 tanto
1142 4256 1307 4352 proiecit.
1332 4277 1370 4327 ut

250 4382 360 4449 quem
383 4359 543 4430 immane
564 4365 710 4456 pondus
730 4354 867 4435 subtus⁴
881 4384 1129 4458 oppresserat,
1153 4364 1367 4434 crederetur
