<?xml version="1.0" encoding="UTF-8"?>
<!DOCTYPE html PUBLIC "-//W3C//DTD XHTML 1.0 Transitional//EN"
    "http://www.w3.org/TR/xhtml1/DTD/xhtml1-transitional.dtd">
<html xmlns="http://www.w3.org/1999/xhtml" xml:lang="en" lang="en">
 <head>
  <title>
</title>
<meta http-equiv="Content-Type" content="text/html;charset=utf-8" />
  <meta name='ocr-system' content='tesseract 3.04.00' />
  <meta name='ocr-capabilities' content='ocr_page ocr_carea ocr_par ocr_line ocrx_word'/>
</head>
<body>
  <div class='ocr_page' id='page_1' title='image "./sfrancisciassis00dogoog_0157.png"; bbox 0 0 3142 4875; ppageno 0'>
   <div class='ocr_carea' id='block_1_1' title="bbox 589 349 1307 437">
    <p class='ocr_par' dir='ltr' id='par_1_1' title="bbox 589 349 1307 437">
     <span class='ocr_line' id='line_1_1' title="bbox 589 349 1307 437; baseline -0.008 -15"><span class='ocrx_word' id='word_1_1' title='bbox 589 372 694 422; x_wconf 77' lang='lat' dir='ltr'><strong>nunu</strong></span> <span class='ocrx_word' id='word_1_2' title='bbox 724 371 910 421; x_wconf 71' lang='lat' dir='ltr'><strong>ennucrscr</strong></span> <span class='ocrx_word' id='word_1_3' title='bbox 1259 349 1281 416; x_wconf 85' lang='lat'>6</span> <span class='ocrx_word' id='word_1_4' title='bbox 1287 369 1307 437; x_wconf 83' lang='lat'>3</span> 
     </span>
    </p>
   </div>
   <div class='ocr_carea' id='block_1_2' title="bbox 124 604 1392 3804">
    <p class='ocr_par' dir='ltr' id='par_1_2' title="bbox 186 604 1313 1012">
     <span class='ocr_line' id='line_1_2' title="bbox 186 604 1312 704; baseline -0.006 -20"><span class='ocrx_word' id='word_1_5' title='bbox 186 637 274 684; x_wconf 89' lang='lat' dir='ltr'><strong>eum</strong></span> <span class='ocrx_word' id='word_1_6' title='bbox 302 609 467 694; x_wconf 90' lang='lat' dir='ltr'><strong>tenebat,</strong></span> <span class='ocrx_word' id='word_1_7' title='bbox 498 608 545 680; x_wconf 90' lang='lat' dir='ltr'><strong>ad</strong></span> <span class='ocrx_word' id='word_1_8' title='bbox 574 623 744 680; x_wconf 88' lang='lat' dir='ltr'><strong>sanctum</strong></span> <span class='ocrx_word' id='word_1_9' title='bbox 773 604 952 704; x_wconf 82' lang='lat' dir='ltr'>confugit,</span> <span class='ocrx_word' id='word_1_10' title='bbox 975 623 1013 679; x_wconf 93' lang='lat' dir='ltr'><strong>et</strong></span> <span class='ocrx_word' id='word_1_11' title='bbox 1033 605 1133 679; x_wconf 90' lang='lat' dir='ltr'><strong>velut</strong></span> <span class='ocrx_word' id='word_1_12' title='bbox 1153 606 1189 680; x_wconf 95' lang='lat' dir='ltr'><strong>in</strong></span> <span class='ocrx_word' id='word_1_13' title='bbox 1210 607 1312 679; x_wconf 91' lang='lat' dir='ltr'><strong>tutis·</strong></span> 
     </span>
     <span class='ocr_line' id='line_1_3' title="bbox 187 712 1312 811; baseline -0.004 -21"><span class='ocrx_word' id='word_1_14' title='bbox 187 719 284 791; x_wconf 91' lang='lat' dir='ltr'><strong>simo</strong></span> <span class='ocrx_word' id='word_1_15' title='bbox 303 718 397 800; x_wconf 92' lang='lat' dir='ltr'><strong>loc0,</strong></span> <span class='ocrx_word' id='word_1_16' title='bbox 422 716 522 788; x_wconf 94' lang='lat' dir='ltr'><strong>nullo</strong></span> <span class='ocrx_word' id='word_1_17' title='bbox 551 730 724 811; x_wconf 85' lang='lat' dir='ltr'><strong>cogente,</strong></span> <span class='ocrx_word' id='word_1_18' title='bbox 742 712 778 784; x_wconf 93' lang='lat' dir='ltr'><strong>in</strong></span> <span class='ocrx_word' id='word_1_19' title='bbox 798 712 879 785; x_wconf 90' lang='lat' dir='ltr'><strong>eius</strong></span> <span class='ocrx_word' id='word_1_20' title='bbox 893 712 974 784; x_wconf 91' lang='lat' dir='ltr'><strong>sinu</strong></span> <span class='ocrx_word' id='word_1_21' title='bbox 991 713 1141 809; x_wconf 88' lang='lat' dir='ltr'><strong>quievit.</strong></span> <span class='ocrx_word' id='word_1_22' title='bbox 1201 712 1312 786; x_wconf 87' lang='lat' dir='ltr'><strong>Cum·</strong></span> 
     </span>
     <span class='ocr_line' id='line_1_4' title="bbox 189 818 1311 921; baseline -0.004 -25"><span class='ocrx_word' id='word_1_23' title='bbox 189 845 272 921; x_wconf 70' lang='lat' dir='ltr'><strong>que¹</strong></span> <span class='ocrx_word' id='word_1_24' title='bbox 300 821 569 918; x_wconf 88' lang='lat' dir='ltr'><strong>aliquantulum</strong></span> <span class='ocrx_word' id='word_1_25' title='bbox 609 818 812 917; x_wconf 85' lang='lat' dir='ltr'>quievisset</span> <span class='ocrx_word' id='word_1_26' title='bbox 841 819 990 903; x_wconf 87' lang='lat' dir='ltr'><strong>ibidem,</strong></span> <span class='ocrx_word' id='word_1_27' title='bbox 1022 836 1130 917; x_wconf 90' lang='lat' dir='ltr'><strong>pater</strong></span> <span class='ocrx_word' id='word_1_28' title='bbox 1159 839 1311 894; x_wconf 89' lang='lat' dir='ltr'><strong>sanctus</strong></span> 
     </span>
     <span class='ocr_line' id='line_1_5' title="bbox 190 925 1313 1012; baseline -0.004 -8"><span class='ocrx_word' id='word_1_29' title='bbox 190 956 277 1004; x_wconf 87' lang='lat' dir='ltr'><strong>eum</strong></span> <span class='ocrx_word' id='word_1_30' title='bbox 307 946 477 1003; x_wconf 90' lang='lat' dir='ltr'><strong>materno</strong></span> <span class='ocrx_word' id='word_1_31' title='bbox 496 929 630 1002; x_wconf 79' lang='lat' dir='ltr'><strong>aflectu</strong></span> <span class='ocrx_word' id='word_1_32' title='bbox 650 925 868 999; x_wconf 85' lang='lat' dir='ltr'><strong>demulcens</strong></span> <span class='ocrx_word' id='word_1_33' title='bbox 886 926 1025 1000; x_wconf 86' lang='lat' dir='ltr'>dimisit</span> <span class='ocrx_word' id='word_1_34' title='bbox 1044 952 1141 1012; x_wconf 92' lang='lat' dir='ltr'><strong>eum,</strong></span> <span class='ocrx_word' id='word_1_35' title='bbox 1164 945 1204 1000; x_wconf 94' lang='lat' dir='ltr'><strong>ut</strong></span> <span class='ocrx_word' id='word_1_36' title='bbox 1219 928 1313 1000; x_wconf 91' lang='lat' dir='ltr'><strong>liber</strong></span> 
     </span>
    </p>

    <p class='ocr_par' dir='ltr' id='par_1_3' title="bbox 143 1033 1314 1559">
     <span class='ocr_line' id='line_1_6' title="bbox 143 1033 1313 1132; baseline -0.004 -21"><span class='ocrx_word' id='word_1_37' title='bbox 143 1064 160 1128; x_wconf 87' lang='lat'><em>5</em></span> <span class='ocrx_word' id='word_1_38' title='bbox 191 1038 241 1112; x_wconf 85' lang='lat' dir='ltr'><strong>ad</strong></span> <span class='ocrx_word' id='word_1_39' title='bbox 270 1062 402 1109; x_wconf 92' lang='lat' dir='ltr'><strong>nemus</strong></span> <span class='ocrx_word' id='word_1_40' title='bbox 431 1034 578 1108; x_wconf 85' lang='lat' dir='ltr'><strong>rediret.</strong></span> <span class='ocrx_word' id='word_1_41' title='bbox 637 1033 711 1127; x_wconf 82' lang='lat' dir='ltr'><strong>Qui</strong></span> <span class='ocrx_word' id='word_1_42' title='bbox 740 1058 826 1122; x_wconf 86' lang='lat' dir='ltr'><strong>cum</strong></span> <span class='ocrx_word' id='word_1_43' title='bbox 856 1058 969 1130; x_wconf 84' lang='lat' dir='ltr'><strong>saepe</strong></span> <span class='ocrx_word' id='word_1_44' title='bbox 995 1034 1030 1106; x_wconf 93' lang='lat' dir='ltr'><strong>in</strong></span> <span class='ocrx_word' id='word_1_45' title='bbox 1051 1050 1150 1108; x_wconf 89' lang='lat' dir='ltr'><strong>terra</strong></span> <span class='ocrx_word' id='word_1_46' title='bbox 1168 1034 1313 1132; x_wconf 90' lang='lat' dir='ltr'><strong>positus</strong></span> 
     </span>
     <span class='ocr_line' id='line_1_7' title="bbox 191 1140 1312 1223; baseline -0.004 -5"><span class='ocrx_word' id='word_1_47' title='bbox 191 1145 240 1218; x_wconf 91' lang='lat' dir='ltr'><strong>ad</strong></span> <span class='ocrx_word' id='word_1_48' title='bbox 270 1141 387 1216; x_wconf 88' lang='lat' dir='ltr'><strong>sancti</strong></span> <span class='ocrx_word' id='word_1_49' title='bbox 412 1140 538 1215; x_wconf 78' lang='lat' dir='ltr'><strong>sinum</strong></span> <span class='ocrx_word' id='word_1_50' title='bbox 567 1158 784 1223; x_wconf 87' lang='lat' dir='ltr'><strong>recurreret,</strong></span> <span class='ocrx_word' id='word_1_51' title='bbox 819 1140 922 1212; x_wconf 86' lang='lat' dir='ltr'><strong>iussit</strong></span> <span class='ocrx_word' id='word_1_52' title='bbox 958 1166 1044 1213; x_wconf 89' lang='lat' dir='ltr'><strong>eum</strong></span> <span class='ocrx_word' id='word_1_53' title='bbox 1082 1142 1235 1214; x_wconf 90' lang='lat' dir='ltr'><strong>tandem</strong></span> <span class='ocrx_word' id='word_1_54' title='bbox 1264 1141 1312 1214; x_wconf 93' lang='lat' dir='ltr'><strong>ad</strong></span> 
     </span>
     <span class='ocr_line' id='line_1_8' title="bbox 193 1248 1311 1346; baseline -0.004 -22"><span class='ocrx_word' id='word_1_55' title='bbox 193 1251 335 1335; x_wconf 91' lang='lat' dir='ltr'><strong>silvam,</strong></span> <span class='ocrx_word' id='word_1_56' title='bbox 367 1275 463 1346; x_wconf 88' lang='lat' dir='ltr'><strong>quae</strong></span> <span class='ocrx_word' id='word_1_57' title='bbox 492 1248 702 1346; x_wconf 91' lang='lat' dir='ltr'><strong>propinqua</strong></span> <span class='ocrx_word' id='word_1_58' title='bbox 730 1263 820 1331; x_wconf 87' lang='lat' dir='ltr'><strong>erat,</strong></span> <span class='ocrx_word' id='word_1_59' title='bbox 851 1273 873 1320; x_wconf 91' lang='lat' dir='ltr'><strong>a</strong></span> <span class='ocrx_word' id='word_1_60' title='bbox 902 1248 1073 1320; x_wconf 86' lang='lat' dir='ltr'><strong>fratribus</strong></span> <span class='ocrx_word' id='word_1_61' title='bbox 1111 1248 1311 1346; x_wconf 90' lang='lat' dir='ltr'><strong>deportari.</strong></span> 
     </span>
     <span class='ocr_line' id='line_1_9' title="bbox 199 1354 1314 1452; baseline -0.002 -22"><span class='ocrx_word' id='word_1_62' title='bbox 199 1358 415 1432; x_wconf 72' lang='lat' dir='ltr'><strong>cuniculus.</strong></span> <span class='ocrx_word' id='word_1_63' title='bbox 473 1354 601 1428; x_wconf 86' lang='lat' dir='ltr'><strong>Simile</strong></span> <span class='ocrx_word' id='word_1_64' title='bbox 640 1354 819 1451; x_wconf 85' lang='lat' dir='ltr'><strong>quiddam</strong></span> <span class='ocrx_word' id='word_1_65' title='bbox 862 1355 1020 1452; x_wconf 83' lang='lat' dir='ltr'><strong>contigit</strong></span> <span class='ocrx_word' id='word_1_66' title='bbox 1062 1357 1110 1428; x_wconf 92' lang='lat' dir='ltr'><strong>de</strong></span> <span class='ocrx_word' id='word_1_67' title='bbox 1151 1356 1314 1452; x_wconf 91' lang='lat' dir='ltr'><strong>quodam</strong></span> 
     </span>
     <span class='ocr_line' id='line_1_10' title="bbox 194 1459 1314 1559; baseline -0.003 -22"><span class='ocrx_word' id='word_1_68' title='bbox 194 1461 375 1547; x_wconf 70' lang='lat' dir='ltr'><strong>cuniculo</strong></span> <span class='ocrx_word' id='word_1_69' title='bbox 399 1463 500 1559; x_wconf 92' lang='lat' dir='ltr'><strong>quod</strong></span> <span class='ocrx_word' id='word_1_70' title='bbox 528 1462 665 1534; x_wconf 90' lang='lat' dir='ltr'><strong>animal</strong></span> <span class='ocrx_word' id='word_1_71' title='bbox 695 1459 804 1533; x_wconf 90' lang='lat' dir='ltr'><strong>valde</strong></span> <span class='ocrx_word' id='word_1_72' title='bbox 834 1461 1120 1535; x_wconf 89' lang='lat' dir='ltr'><strong>indomesticum</strong></span> <span class='ocrx_word' id='word_1_73' title='bbox 1140 1480 1207 1548; x_wconf 89' lang='lat' dir='ltr'><strong>est,</strong></span> <span class='ocrx_word' id='word_1_74' title='bbox 1230 1488 1314 1534; x_wconf 94' lang='lat' dir='ltr'><strong>cum</strong></span> 
     </span>
    </p>

    <p class='ocr_par' dir='ltr' id='par_1_4' title="bbox 124 1568 1316 2097">
     <span class='ocr_line' id='line_1_11' title="bbox 124 1568 1316 1666; baseline -0.004 -20"><span class='ocrx_word' id='word_1_75' title='bbox 124 1600 165 1646; x_wconf 82' lang='grc' dir='ltr'><strong>ιο</strong></span> <span class='ocrx_word' id='word_1_76' title='bbox 194 1588 295 1644; x_wconf 88' lang='lat' dir='ltr'><strong>esset</strong></span> <span class='ocrx_word' id='word_1_77' title='bbox 323 1570 360 1643; x_wconf 93' lang='lat' dir='ltr'><strong>in</strong></span> <span class='ocrx_word' id='word_1_78' title='bbox 384 1569 504 1643; x_wconf 92' lang='lat' dir='ltr'><strong>insula</strong></span> <span class='ocrx_word' id='word_1_79' title='bbox 523 1568 591 1641; x_wconf 90' lang='lat' dir='ltr'><strong>laci</strong></span> <span class='ocrx_word' id='word_1_80' title='bbox 621 1568 773 1640; x_wconf 75' lang='lat' dir='ltr'><strong>Perusii,</strong></span> <span class='ocrx_word' id='word_1_81' title='bbox 837 1568 1002 1666; x_wconf 63' lang='lat' dir='ltr'><strong>[Pascis]</strong></span> <span class='ocrx_word' id='word_1_82' title='bbox 1060 1570 1206 1643; x_wconf 86' lang='lat' dir='ltr'><strong>Eodem</strong></span> <span class='ocrx_word' id='word_1_83' title='bbox 1226 1595 1316 1666; x_wconf 92' lang='lat' dir='ltr'><strong>quo·</strong></span> 
     </span>
     <span class='ocr_line' id='line_1_12' title="bbox 196 1674 1312 1775; baseline -0.002 -25"><span class='ocrx_word' id='word_1_84' title='bbox 196 1703 268 1775; x_wconf 91' lang='lat' dir='ltr'><strong>que</strong></span> <span class='ocrx_word' id='word_1_85' title='bbox 302 1676 451 1774; x_wconf 86' lang='lat' dir='ltr'><strong>pietatis</strong></span> <span class='ocrx_word' id='word_1_86' title='bbox 487 1676 619 1749; x_wconf 81' lang='lat' dir='ltr'><strong>aflectu</strong></span> <span class='ocrx_word' id='word_1_87' title='bbox 663 1699 757 1774; x_wconf 86' lang='lat' dir='ltr'><strong>erga</strong></span> <span class='ocrx_word' id='word_1_88' title='bbox 798 1674 921 1772; x_wconf 87' lang='lat' dir='ltr'><strong>pisces</strong></span> <span class='ocrx_word' id='word_1_89' title='bbox 954 1676 1170 1761; x_wconf 84' lang='lat' dir='ltr'><strong>ducebatur,</strong></span> <span class='ocrx_word' id='word_1_90' title='bbox 1207 1701 1312 1773; x_wconf 90' lang='lat' dir='ltr'><strong>quos,</strong></span> 
     </span>
     <span class='ocr_line' id='line_1_13' title="bbox 195 1782 1316 1881; baseline -0.004 -24"><span class='ocrx_word' id='word_1_91' title='bbox 195 1811 279 1858; x_wconf 92' lang='lat' dir='ltr'><strong>cum</strong></span> <span class='ocrx_word' id='word_1_92' title='bbox 309 1783 627 1881; x_wconf 87' lang='lat' dir='ltr'><strong>opportunitatem</strong></span> <span class='ocrx_word' id='word_1_93' title='bbox 657 1782 823 1866; x_wconf 88' lang='lat' dir='ltr'><strong>haberet,</strong></span> <span class='ocrx_word' id='word_1_94' title='bbox 847 1800 976 1879; x_wconf 90' lang='lat' dir='ltr'><strong>captos</strong></span> <span class='ocrx_word' id='word_1_95' title='bbox 998 1784 1033 1856; x_wconf 93' lang='lat' dir='ltr'><strong>in</strong></span> <span class='ocrx_word' id='word_1_96' title='bbox 1054 1809 1189 1880; x_wconf 91' lang='lat' dir='ltr'><strong>aquam</strong></span> <span class='ocrx_word' id='word_1_97' title='bbox 1211 1783 1316 1856; x_wconf 91' lang='lat' dir='ltr'><strong>vivos</strong></span> 
     </span>
     <span class='ocr_line' id='line_1_14' title="bbox 195 1887 1316 1987; baseline -0.003 -23"><span class='ocrx_word' id='word_1_98' title='bbox 195 1890 397 1975; x_wconf 89' lang='lat' dir='ltr'><strong>reiiciebat,</strong></span> <span class='ocrx_word' id='word_1_99' title='bbox 419 1890 653 1987; x_wconf 88' lang='lat' dir='ltr'><strong>praecipiens</strong></span> <span class='ocrx_word' id='word_1_100' title='bbox 683 1887 737 1961; x_wconf 92' lang='lat' dir='ltr'><strong>eis</strong></span> <span class='ocrx_word' id='word_1_101' title='bbox 765 1913 900 1962; x_wconf 91' lang='lat' dir='ltr'><strong>cavere</strong></span> <span class='ocrx_word' id='word_1_102' title='bbox 929 1890 999 1962; x_wconf 89' lang='lat' dir='ltr'><strong>sibi</strong></span> <span class='ocrx_word' id='word_1_103' title='bbox 1029 1916 1075 1963; x_wconf 93' lang='lat' dir='ltr'><strong>ne</strong></span> <span class='ocrx_word' id='word_1_104' title='bbox 1105 1891 1237 1963; x_wconf 89' lang='lat' dir='ltr'><strong>iterum</strong></span> <span class='ocrx_word' id='word_1_105' title='bbox 1259 1915 1316 1962; x_wconf 89' lang='lat' dir='ltr'><strong>ca·</strong></span> 
     </span>
     <span class='ocr_line' id='line_1_15' title="bbox 195 2013 383 2097; baseline -0.011 -26"><span class='ocrx_word' id='word_1_106' title='bbox 195 2013 383 2097; x_wconf 89' lang='lat' dir='ltr'><strong>perentur.</strong></span> 
     </span>
    </p>

    <p class='ocr_par' dir='ltr' id='par_1_5' title="bbox 128 2101 1320 2630">
     <span class='ocr_line' id='line_1_16' title="bbox 128 2101 1318 2200; baseline -0.005 -19"><span class='ocrx_word' id='word_1_107' title='bbox 128 2135 163 2200; x_wconf 82' lang='lat'><strong>15</strong></span> <span class='ocrx_word' id='word_1_108' title='bbox 279 2109 340 2176; x_wconf 88' lang='lat'><strong>61.</strong></span> <span class='ocrx_word' id='word_1_109' title='bbox 400 2103 495 2175; x_wconf 87' lang='lat' dir='ltr'><strong>Cum</strong></span> <span class='ocrx_word' id='word_1_110' title='bbox 516 2103 614 2175; x_wconf 89' lang='lat' dir='ltr'><strong>enirn</strong></span> <span class='ocrx_word' id='word_1_111' title='bbox 631 2119 802 2198; x_wconf 91' lang='lat' dir='ltr'><strong>tempore</strong></span> <span class='ocrx_word' id='word_1_112' title='bbox 822 2104 985 2199; x_wconf 91' lang='lat' dir='ltr'><strong>quodam</strong></span> <span class='ocrx_word' id='word_1_113' title='bbox 1003 2105 1038 2176; x_wconf 92' lang='lat' dir='ltr'><strong>in</strong></span> <span class='ocrx_word' id='word_1_114' title='bbox 1055 2103 1135 2177; x_wconf 88' lang='lat' dir='ltr'><strong>lacu</strong></span> <span class='ocrx_word' id='word_1_115' title='bbox 1156 2101 1318 2176; x_wconf 86' lang='lat' dir='ltr'><strong>Reatino</strong></span> 
     </span>
     <span class='ocr_line' id='line_1_17' title="bbox 197 2208 1319 2307; baseline -0.004 -22"><span class='ocrx_word' id='word_1_116' title='bbox 197 2214 301 2286; x_wconf 87' lang='lat' dir='ltr'><strong>iuxta</strong></span> <span class='ocrx_word' id='word_1_117' title='bbox 312 2210 513 2307; x_wconf 91' lang='lat' dir='ltr'><strong>quemdam</strong></span> <span class='ocrx_word' id='word_1_118' title='bbox 528 2225 676 2307; x_wconf 91' lang='lat' dir='ltr'><strong>portum</strong></span> <span class='ocrx_word' id='word_1_119' title='bbox 696 2209 732 2281; x_wconf 92' lang='lat' dir='ltr'><strong>in</strong></span> <span class='ocrx_word' id='word_1_120' title='bbox 754 2208 925 2283; x_wconf 86' lang='lat' dir='ltr'><strong>navicula</strong></span> <span class='ocrx_word' id='word_1_121' title='bbox 944 2210 1133 2296; x_wconf 88' lang='lat' dir='ltr'><strong>resideret,</strong></span> <span class='ocrx_word' id='word_1_122' title='bbox 1157 2212 1319 2307; x_wconf 88' lang='lat' dir='ltr'><strong>piscator</strong></span> 
     </span>
     <span class='ocr_line' id='line_1_18' title="bbox 197 2316 1319 2418; baseline -0.002 -27"><span class='ocrx_word' id='word_1_123' title='bbox 197 2319 349 2418; x_wconf 92' lang='lat' dir='ltr'><strong>quidam</strong></span> <span class='ocrx_word' id='word_1_124' title='bbox 378 2316 518 2414; x_wconf 89' lang='lat' dir='ltr'><strong>piscem</strong></span> <span class='ocrx_word' id='word_1_125' title='bbox 550 2341 728 2413; x_wconf 85' lang='lat' dir='ltr'><strong>magnum</strong></span> <span class='ocrx_word' id='word_1_126' title='bbox 759 2316 922 2412; x_wconf 90' lang='lat' dir='ltr'><strong>capiens,</strong></span> <span class='ocrx_word' id='word_1_127' title='bbox 950 2319 1012 2414; x_wconf 95' lang='lat' dir='ltr'><strong>qui</strong></span> <span class='ocrx_word' id='word_1_128' title='bbox 1042 2319 1156 2416; x_wconf 87' lang='lat' dir='ltr'><strong>vulgo</strong></span> <span class='ocrx_word' id='word_1_129' title='bbox 1185 2316 1319 2390; x_wconf 88' lang='lat' dir='ltr'><strong>dicitur</strong></span> 
     </span>
     <span class='ocr_line' id='line_1_19' title="bbox 197 2423 1320 2519; baseline -0.003 -19"><span class='ocrx_word' id='word_1_130' title='bbox 197 2427 307 2510; x_wconf 87' lang='lat' dir='ltr'><strong>tinca,</strong></span> <span class='ocrx_word' id='word_1_131' title='bbox 332 2425 432 2497; x_wconf 94' lang='lat' dir='ltr'><strong>illum</strong></span> <span class='ocrx_word' id='word_1_132' title='bbox 462 2423 622 2496; x_wconf 89' lang='lat' dir='ltr'><strong>devotus</strong></span> <span class='ocrx_word' id='word_1_133' title='bbox 650 2423 783 2496; x_wconf 93' lang='lat' dir='ltr'><strong>obtulit</strong></span> <span class='ocrx_word' id='word_1_134' title='bbox 803 2424 847 2497; x_wconf 93' lang='lat' dir='ltr'><strong>ei.</strong></span> <span class='ocrx_word' id='word_1_135' title='bbox 898 2424 972 2519; x_wconf 85' lang='lat' dir='ltr'><strong>Qui</strong></span> <span class='ocrx_word' id='word_1_136' title='bbox 993 2452 1079 2499; x_wconf 90' lang='lat' dir='ltr'><strong>eum</strong></span> <span class='ocrx_word' id='word_1_137' title='bbox 1099 2424 1264 2500; x_wconf 83' lang='lat' dir='ltr'><strong>hilariter</strong></span> <span class='ocrx_word' id='word_1_138' title='bbox 1282 2442 1320 2498; x_wconf 93' lang='lat' dir='ltr'><strong>et</strong></span> 
     </span>
     <span class='ocr_line' id='line_1_20' title="bbox 197 2531 1319 2630; baseline -0.002 -24"><span class='ocrx_word' id='word_1_139' title='bbox 197 2532 364 2629; x_wconf 85' lang='lat' dir='ltr'><strong>benigne</strong></span> <span class='ocrx_word' id='word_1_140' title='bbox 396 2531 612 2627; x_wconf 67' lang='lat' dir='ltr'><strong>suscipiens</strong></span> <span class='ocrx_word' id='word_1_141' title='bbox 646 2531 810 2603; x_wconf 81' lang='lat' dir='ltr'><strong>fraterno</strong></span> <span class='ocrx_word' id='word_1_142' title='bbox 847 2534 996 2606; x_wconf 92' lang='lat' dir='ltr'><strong>nomine</strong></span> <span class='ocrx_word' id='word_1_143' title='bbox 1035 2535 1154 2630; x_wconf 90' lang='lat' dir='ltr'><strong>ipsum</strong></span> <span class='ocrx_word' id='word_1_144' title='bbox 1183 2558 1319 2606; x_wconf 88' lang='lat' dir='ltr'><strong>vocare</strong></span> 
     </span>
    </p>

    <p class='ocr_par' dir='ltr' id='par_1_6' title="bbox 127 2636 1392 3162">
     <span class='ocr_line' id='line_1_21' title="bbox 127 2636 1316 2737; baseline -0.003 -22"><span class='ocrx_word' id='word_1_145' title='bbox 127 2669 170 2715; x_wconf 87' lang='lat'><strong>20</strong></span> <span class='ocrx_word' id='word_1_146' title='bbox 199 2640 335 2737; x_wconf 92' lang='lat' dir='ltr'><strong>coepit,</strong></span> <span class='ocrx_word' id='word_1_147' title='bbox 367 2654 405 2711; x_wconf 93' lang='lat' dir='ltr'><strong>et</strong></span> <span class='ocrx_word' id='word_1_148' title='bbox 432 2655 540 2712; x_wconf 89' lang='lat' dir='ltr'><strong>extra</strong></span> <span class='ocrx_word' id='word_1_149' title='bbox 568 2636 774 2710; x_wconf 89' lang='lat' dir='ltr'><strong>naviculam</strong></span> <span class='ocrx_word' id='word_1_150' title='bbox 805 2664 891 2710; x_wconf 91' lang='lat' dir='ltr'><strong>eum</strong></span> <span class='ocrx_word' id='word_1_151' title='bbox 920 2639 956 2711; x_wconf 94' lang='lat' dir='ltr'><strong>in</strong></span> <span class='ocrx_word' id='word_1_152' title='bbox 986 2665 1084 2737; x_wconf 88' lang='lat' dir='ltr'><strong>aqua</strong></span> <span class='ocrx_word' id='word_1_153' title='bbox 1119 2666 1316 2737; x_wconf 90' lang='lat' dir='ltr'><strong>reponens,</strong></span> 
     </span>
     <span class='ocr_line' id='line_1_22' title="bbox 201 2744 1320 2843; baseline -0.002 -22"><span class='ocrx_word' id='word_1_154' title='bbox 201 2745 325 2843; x_wconf 88' lang='lat' dir='ltr'><strong>coepit</strong></span> <span class='ocrx_word' id='word_1_155' title='bbox 354 2746 512 2818; x_wconf 88' lang='lat' dir='ltr'><strong>devotus</strong></span> <span class='ocrx_word' id='word_1_156' title='bbox 540 2744 763 2817; x_wconf 87' lang='lat' dir='ltr'><strong>benedicere</strong></span> <span class='ocrx_word' id='word_1_157' title='bbox 794 2771 930 2818; x_wconf 91' lang='lat' dir='ltr'><strong>nomen</strong></span> <span class='ocrx_word' id='word_1_158' title='bbox 960 2745 1124 2820; x_wconf 89' lang='lat' dir='ltr'><strong>Domini.</strong></span> <span class='ocrx_word' id='word_1_159' title='bbox 1183 2746 1320 2842; x_wconf 84' lang='lat' dir='ltr'><strong>Sicque</strong></span> 
     </span>
     <span class='ocr_line' id='line_1_23' title="bbox 201 2851 1392 2950; baseline 0.003 -24"><span class='ocrx_word' id='word_1_160' title='bbox 201 2851 426 2950; x_wconf 87' lang='lat' dir='ltr'><strong>aliquandiu,</strong></span> <span class='ocrx_word' id='word_1_161' title='bbox 449 2852 536 2924; x_wconf 90' lang='lat' dir='ltr'><strong>dum</strong></span> <span class='ocrx_word' id='word_1_162' title='bbox 568 2851 603 2923; x_wconf 93' lang='lat' dir='ltr'><strong>in</strong></span> <span class='ocrx_word' id='word_1_163' title='bbox 634 2853 803 2925; x_wconf 87' lang='lat' dir='ltr'><strong>oratione</strong></span> <span class='ocrx_word' id='word_1_164' title='bbox 822 2851 1048 2949; x_wconf 88' lang='lat' dir='ltr'><strong>persisteret,</strong></span> <span class='ocrx_word' id='word_1_165' title='bbox 1069 2856 1190 2926; x_wconf 90' lang='lat' dir='ltr'><strong>dictus</strong></span> <span class='ocrx_word' id='word_1_166' title='bbox 1209 2853 1321 2950; x_wconf 85' lang='lat' dir='ltr'><strong>piscis</strong></span> <span class='ocrx_word' id='word_1_167' title='bbox 1389 2926 1392 2931; x_wconf 24' lang='lat'><strong>⁴</strong></span> 
     </span>
     <span class='ocr_line' id='line_1_24' title="bbox 202 2958 1321 3054; baseline -0.001 -21"><span class='ocrx_word' id='word_1_168' title='bbox 202 2960 306 3033; x_wconf 84' lang='lat' dir='ltr'><strong>iuxta</strong></span> <span class='ocrx_word' id='word_1_169' title='bbox 339 2960 545 3032; x_wconf 88' lang='lat' dir='ltr'><strong>naviculam</strong></span> <span class='ocrx_word' id='word_1_170' title='bbox 579 2959 712 3031; x_wconf 92' lang='lat' dir='ltr'><strong>ludens</strong></span> <span class='ocrx_word' id='word_1_171' title='bbox 741 2958 776 3030; x_wconf 97' lang='lat' dir='ltr'><strong>in</strong></span> <span class='ocrx_word' id='word_1_172' title='bbox 813 2984 911 3054; x_wconf 84' lang='lat' dir='ltr'><strong>aqua</strong></span> <span class='ocrx_word' id='word_1_173' title='bbox 941 2985 1014 3032; x_wconf 90' lang='lat' dir='ltr'><strong>non</strong></span> <span class='ocrx_word' id='word_1_174' title='bbox 1043 2962 1245 3033; x_wconf 88' lang='lat' dir='ltr'><strong>recedebat</strong></span> <span class='ocrx_word' id='word_1_175' title='bbox 1273 2961 1321 3032; x_wconf 89' lang='lat' dir='ltr'><strong>de</strong></span> 
     </span>
     <span class='ocr_line' id='line_1_25' title="bbox 203 3066 1323 3162; baseline -0.001 -23"><span class='ocrx_word' id='word_1_176' title='bbox 203 3067 296 3151; x_wconf 85' lang='lat' dir='ltr'><strong>loco,</strong></span> <span class='ocrx_word' id='word_1_177' title='bbox 328 3066 365 3138; x_wconf 96' lang='lat' dir='ltr'><strong>in</strong></span> <span class='ocrx_word' id='word_1_178' title='bbox 398 3092 474 3162; x_wconf 92' lang='lat' dir='ltr'><strong>quo</strong></span> <span class='ocrx_word' id='word_1_179' title='bbox 510 3091 595 3138; x_wconf 93' lang='lat' dir='ltr'><strong>eum</strong></span> <span class='ocrx_word' id='word_1_180' title='bbox 632 3082 819 3161; x_wconf 87' lang='lat' dir='ltr'><strong>posuerat,</strong></span> <span class='ocrx_word' id='word_1_181' title='bbox 851 3067 983 3149; x_wconf 89' lang='lat' dir='ltr'><strong>donec,</strong></span> <span class='ocrx_word' id='word_1_182' title='bbox 1016 3067 1184 3140; x_wconf 87' lang='lat' dir='ltr'><strong>oratione</strong></span> <span class='ocrx_word' id='word_1_183' title='bbox 1220 3092 1323 3140; x_wconf 90' lang='lat' dir='ltr'><strong>com-</strong></span> 
     </span>
    </p>

    <p class='ocr_par' dir='ltr' id='par_1_7' title="bbox 131 3171 1326 3698">
     <span class='ocr_line' id='line_1_26' title="bbox 131 3171 1323 3271; baseline -0.003 -22"><span class='ocrx_word' id='word_1_184' title='bbox 131 3202 171 3267; x_wconf 80' lang='lat'><strong>25</strong></span> <span class='ocrx_word' id='word_1_185' title='bbox 204 3173 314 3271; x_wconf 89' lang='lat' dir='ltr'><strong>pleta,</strong></span> <span class='ocrx_word' id='word_1_186' title='bbox 345 3189 496 3246; x_wconf 90' lang='lat' dir='ltr'><strong>sanctus</strong></span> <span class='ocrx_word' id='word_1_187' title='bbox 525 3172 597 3246; x_wconf 91' lang='lat' dir='ltr'><strong>Dei</strong></span> <span class='ocrx_word' id='word_1_188' title='bbox 627 3173 828 3245; x_wconf 91' lang='lat' dir='ltr'><strong>recedendi</strong></span> <span class='ocrx_word' id='word_1_189' title='bbox 858 3171 925 3245; x_wconf 92' lang='lat' dir='ltr'><strong>sibi</strong></span> <span class='ocrx_word' id='word_1_190' title='bbox 955 3173 1141 3246; x_wconf 87' lang='lat' dir='ltr'><strong>licentiam</strong></span> <span class='ocrx_word' id='word_1_191' title='bbox 1172 3175 1323 3246; x_wconf 87' lang='lat' dir='ltr'><strong>exhibe·</strong></span> 
     </span>
     <span class='ocr_line' id='line_1_27' title="bbox 205 3277 1323 3378; baseline 0 -25"><span class='ocrx_word' id='word_1_192' title='bbox 205 3298 271 3353; x_wconf 91' lang='lat' dir='ltr'><strong>ret.</strong></span> <span class='ocrx_word' id='word_1_193' title='bbox 320 3279 381 3353; x_wconf 89' lang='lat' dir='ltr'><strong>Sic</strong></span> <span class='ocrx_word' id='word_1_194' title='bbox 402 3279 500 3353; x_wconf 91' lang='lat' dir='ltr'><strong>enim</strong></span> <span class='ocrx_word' id='word_1_195' title='bbox 517 3277 702 3378; x_wconf 80' lang='lat' dir='ltr'><strong>gloriosus</strong></span> <span class='ocrx_word' id='word_1_196' title='bbox 723 3295 829 3377; x_wconf 88' lang='lat' dir='ltr'><strong>pater</strong></span> <span class='ocrx_word' id='word_1_197' title='bbox 849 3280 879 3351; x_wconf 90' lang='lat' dir='ltr'>F</span> <span class='ocrx_word' id='word_1_198' title='bbox 882 3282 1081 3365; x_wconf 88' lang='lat' dir='ltr'><strong>ranciscus,</strong></span> <span class='ocrx_word' id='word_1_199' title='bbox 1105 3282 1140 3352; x_wconf 96' lang='lat' dir='ltr'><strong>in</strong></span> <span class='ocrx_word' id='word_1_200' title='bbox 1159 3280 1218 3354; x_wconf 89' lang='lat' dir='ltr'><strong>via</strong></span> <span class='ocrx_word' id='word_1_201' title='bbox 1237 3281 1323 3353; x_wconf 89' lang='lat' dir='ltr'><strong>obe-</strong></span> 
     </span>
     <span class='ocr_line' id='line_1_28' title="bbox 206 3385 1323 3486; baseline -0.001 -27"><span class='ocrx_word' id='word_1_202' title='bbox 206 3387 368 3460; x_wconf 90' lang='lat' dir='ltr'><strong>dientiae</strong></span> <span class='ocrx_word' id='word_1_203' title='bbox 396 3385 591 3460; x_wconf 90' lang='lat' dir='ltr'><strong>ambulans</strong></span> <span class='ocrx_word' id='word_1_204' title='bbox 628 3403 665 3459; x_wconf 89' lang='lat' dir='ltr'><strong>et</strong></span> <span class='ocrx_word' id='word_1_205' title='bbox 701 3386 850 3460; x_wconf 88' lang='lat' dir='ltr'><strong>divinae</strong></span> <span class='ocrx_word' id='word_1_206' title='bbox 888 3388 1129 3484; x_wconf 89' lang='lat' dir='ltr'><strong>subiectionis</strong></span> <span class='ocrx_word' id='word_1_207' title='bbox 1159 3389 1323 3486; x_wconf 86' lang='lat' dir='ltr'><strong>perfecte</strong></span> 
     </span>
     <span class='ocr_line' id='line_1_29' title="bbox 207 3492 1325 3591; baseline 0.001 -26"><span class='ocrx_word' id='word_1_208' title='bbox 207 3493 335 3591; x_wconf 84' lang='lat' dir='ltr'><strong>iugum</strong></span> <span class='ocrx_word' id='word_1_209' title='bbox 371 3492 611 3591; x_wconf 88' lang='lat' dir='ltr'><strong>amplectens,</strong></span> <span class='ocrx_word' id='word_1_210' title='bbox 644 3494 679 3566; x_wconf 94' lang='lat' dir='ltr'><strong>in</strong></span> <span class='ocrx_word' id='word_1_211' title='bbox 710 3510 963 3567; x_wconf 89' lang='lat' dir='ltr'><strong>creaturarum</strong></span> <span class='ocrx_word' id='word_1_212' title='bbox 999 3495 1213 3568; x_wconf 88' lang='lat' dir='ltr'><strong>obedientia</strong></span> <span class='ocrx_word' id='word_1_213' title='bbox 1252 3520 1325 3566; x_wconf 88' lang='lat' dir='ltr'><strong>ma-</strong></span> 
     </span>
     <span class='ocr_line' id='line_1_30' title="bbox 207 3599 1326 3698; baseline -0.001 -25"><span class='ocrx_word' id='word_1_214' title='bbox 207 3626 320 3697; x_wconf 83' lang='lat' dir='ltr'><strong>gnam</strong></span> <span class='ocrx_word' id='word_1_215' title='bbox 350 3626 475 3674; x_wconf 89' lang='lat' dir='ltr'><strong>coram</strong></span> <span class='ocrx_word' id='word_1_216' title='bbox 505 3599 590 3674; x_wconf 91' lang='lat' dir='ltr'><strong>Deo</strong></span> <span class='ocrx_word' id='word_1_217' title='bbox 619 3603 777 3698; x_wconf 92' lang='lat' dir='ltr'><strong>adeptus</strong></span> <span class='ocrx_word' id='word_1_218' title='bbox 815 3617 873 3673; x_wconf 90' lang='lat' dir='ltr'><strong>est</strong></span> <span class='ocrx_word' id='word_1_219' title='bbox 901 3601 1134 3698; x_wconf 84' lang='lat' dir='ltr'><strong>dignitatem.</strong></span> <span class='ocrx_word' id='word_1_220' title='bbox 1193 3604 1326 3674; x_wconf 70' lang='lat' dir='ltr'><strong>Mira-</strong></span> 
     </span>
    </p>

    <p class='ocr_par' dir='ltr' id='par_1_8' title="bbox 135 3707 1321 3804">
     <span class='ocr_line' id='line_1_31' title="bbox 135 3707 1321 3804; baseline -0.001 -24"><span class='ocrx_word' id='word_1_221' title='bbox 135 3733 179 3801; x_wconf 86' lang='lat'><strong>30</strong></span> <span class='ocrx_word' id='word_1_222' title='bbox 206 3708 340 3780; x_wconf 83' lang='lat' dir='ltr'><strong>culum.</strong></span> <span class='ocrx_word' id='word_1_223' title='bbox 399 3707 496 3780; x_wconf 90' lang='lat' dir='ltr'><strong>Nam</strong></span> <span class='ocrx_word' id='word_1_224' title='bbox 533 3723 571 3780; x_wconf 92' lang='lat' dir='ltr'><strong>et</strong></span> <span class='ocrx_word' id='word_1_225' title='bbox 608 3732 705 3804; x_wconf 88' lang='lat' dir='ltr'><strong>aqua</strong></span> <span class='ocrx_word' id='word_1_226' title='bbox 741 3708 777 3781; x_wconf 94' lang='lat' dir='ltr'><strong>in</strong></span> <span class='ocrx_word' id='word_1_227' title='bbox 816 3709 942 3781; x_wconf 91' lang='lat' dir='ltr'><strong>vinum</strong></span> <span class='ocrx_word' id='word_1_228' title='bbox 972 3709 1006 3781; x_wconf 93' lang='lat' dir='ltr'><strong>ei</strong></span> <span class='ocrx_word' id='word_1_229' title='bbox 1036 3734 1217 3782; x_wconf 87' lang='lat' dir='ltr'><strong>conversa</strong></span> <span class='ocrx_word' id='word_1_230' title='bbox 1255 3724 1321 3790; x_wconf 88' lang='lat' dir='ltr'><strong>est,</strong></span> 
     </span>
    </p>
   </div>
   <div class='ocr_carea' id='block_1_3' title="bbox 278 3969 1328 4037">
    <p class='ocr_par' dir='ltr' id='par_1_9' title="bbox 278 3969 1328 4037">
     <span class='ocr_line' id='line_1_32' title="bbox 278 3969 1328 4037; baseline -0.002 -12"><span class='ocrx_word' id='word_1_231' title='bbox 278 3986 303 4037; x_wconf 80' lang='grc'><strong>4.</strong></span> <span class='ocrx_word' id='word_1_232' title='bbox 325 3970 360 4025; x_wconf 81' lang='lat' dir='ltr'><strong>Os</strong></span> <span class='ocrx_word' id='word_1_233' title='bbox 378 3969 412 4024; x_wconf 73' lang='lat' dir='ltr'><strong>af,</strong></span> <span class='ocrx_word' id='word_1_234' title='bbox 431 3969 525 4025; x_wconf 87' lang='lat' dir='ltr'><strong>detulit</strong></span> <span class='ocrx_word' id='word_1_235' title='bbox 544 3970 712 4035; x_wconf 86' lang='lat' dir='ltr'><strong>demulcens,</strong></span> <span class='ocrx_word' id='word_1_236' title='bbox 730 3972 830 4026; x_wconf 83' lang='lat' dir='ltr'><strong>dimisit</strong></span> <span class='ocrx_word' id='word_1_237' title='bbox 926 3970 950 4026; x_wconf 91' lang='lat'><strong>6.</strong></span> <span class='ocrx_word' id='word_1_238' title='bbox 971 3972 1013 4037; x_wconf 85' lang='lat' dir='ltr'><strong>H,</strong></span> <span class='ocrx_word' id='word_1_239' title='bbox 1035 3974 1054 4027; x_wconf 82' lang='lat' dir='ltr'><em>R</em></span> <span class='ocrx_word' id='word_1_240' title='bbox 1075 3973 1107 4024; x_wconf 78' lang='lat' dir='ltr'><strong>ad</strong></span> <span class='ocrx_word' id='word_1_241' title='bbox 1127 3974 1328 4025; x_wconf 81' lang='lat' dir='ltr'><strong>sanctissimum</strong></span> 
     </span>
    </p>
   </div>
   <div class='ocr_carea' id='block_1_4' title="bbox 209 4050 1438 4124">
    <p class='ocr_par' dir='ltr' id='par_1_10' title="bbox 209 4050 1438 4124">
     <span class='ocr_line' id='line_1_33' title="bbox 209 4050 1438 4124; baseline 0.001 -20"><span class='ocrx_word' id='word_1_242' title='bbox 209 4050 769 4123; x_wconf 80' lang='lat' dir='ltr'><strong>8.AS,OxSim.quldem,·unoddam</strong></span> <span class='ocrx_word' id='word_1_243' title='bbox 837 4053 1160 4124; x_wconf 76' lang='lat' dir='ltr'><strong>9.AS,E,quuian.</strong></span> <span class='ocrx_word' id='word_1_244' title='bbox 1234 4053 1328 4114; x_wconf 81' lang='lat' dir='ltr'><strong>toH,</strong></span> <span class='ocrx_word' id='word_1_245' title='bbox 1437 4114 1438 4119; x_wconf 9' lang='grc' dir='ltr'>η</span> 
     </span>
    </p>
   </div>
   <div class='ocr_carea' id='block_1_5' title="bbox 209 4130 1334 4361">
    <p class='ocr_par' dir='ltr' id='par_1_11' title="bbox 209 4130 1334 4361">
     <span class='ocr_line' id='line_1_34' title="bbox 209 4130 1329 4202; baseline 0 -18"><span class='ocrx_word' id='word_1_246' title='bbox 209 4130 243 4196; x_wconf 89' lang='lat' dir='ltr'><strong>P,</strong></span> <span class='ocrx_word' id='word_1_247' title='bbox 265 4130 298 4181; x_wconf 88' lang='lat' dir='ltr'><em>W</em></span> <span class='ocrx_word' id='word_1_248' title='bbox 314 4132 341 4182; x_wconf 93' lang='lat' dir='ltr'><strong>in</strong></span> <span class='ocrx_word' id='word_1_249' title='bbox 355 4130 421 4184; x_wconf 85' lang='lat' dir='ltr'><strong>silva</strong></span> <span class='ocrx_word' id='word_1_250' title='bbox 437 4131 489 4186; x_wconf 81' lang='lat' dir='ltr'><strong>laci</strong></span> <span class='ocrx_word' id='word_1_251' title='bbox 544 4131 627 4185; x_wconf 85' lang='lat' dir='ltr'><strong>Rom.</strong></span> <span class='ocrx_word' id='word_1_252' title='bbox 641 4132 691 4184; x_wconf 85' lang='lat' dir='ltr'><strong>laci</strong></span> <span class='ocrx_word' id='word_1_253' title='bbox 748 4132 795 4185; x_wconf 75' lang='lat' dir='ltr'><strong>As</strong></span> <span class='ocrx_word' id='word_1_254' title='bbox 803 4130 853 4184; x_wconf 85' lang='lat' dir='ltr'><strong>laci</strong></span> <span class='ocrx_word' id='word_1_255' title='bbox 866 4133 938 4202; x_wconf 84' lang='lat' dir='ltr'><strong>parvi</strong></span> <span class='ocrx_word' id='word_1_256' title='bbox 1016 4148 1107 4187; x_wconf 89' lang='lat' dir='ltr'><strong>ro·11.</strong></span> <span class='ocrx_word' id='word_1_257' title='bbox 1125 4133 1156 4184; x_wconf 83' lang='lat' dir='ltr'><em>M</em></span> <span class='ocrx_word' id='word_1_258' title='bbox 1169 4149 1250 4202; x_wconf 92' lang='lat' dir='ltr'><strong>quoq.</strong></span> <span class='ocrx_word' id='word_1_259' title='bbox 1262 4145 1329 4184; x_wconf 87' lang='lat' dir='ltr'><strong>tem·</strong></span> 
     </span>
     <span class='ocr_line' id='line_1_35' title="bbox 210 4210 1334 4282; baseline 0.004 -20"><span class='ocrx_word' id='word_1_260' title='bbox 210 4226 275 4281; x_wconf 87' lang='lat' dir='ltr'><strong>pore</strong></span> <span class='ocrx_word' id='word_1_261' title='bbox 288 4210 349 4280; x_wconf 87' lang='lat' dir='ltr'><strong>piet.</strong></span> <span class='ocrx_word' id='word_1_262' title='bbox 424 4211 581 4282; x_wconf 85' lang='lat' dir='ltr'><strong>12.Raqua</strong></span> <span class='ocrx_word' id='word_1_263' title='bbox 658 4211 860 4281; x_wconf 80' lang='lat' dir='ltr'><strong>13.Hom.sibi</strong></span> <span class='ocrx_word' id='word_1_264' title='bbox 937 4212 1249 4277; x_wconf 78' lang='lat' dir='ltr'><strong>18.L,.ll,05tencha</strong></span> <span class='ocrx_word' id='word_1_265' title='bbox 1289 4212 1334 4266; x_wconf 70' lang='lat' dir='ltr'><strong>AS</strong></span> 
     </span>
     <span class='ocr_line' id='line_1_36' title="bbox 210 4289 1332 4361; baseline 0.004 -20"><span class='ocrx_word' id='word_1_266' title='bbox 210 4307 258 4342; x_wconf 87' lang='lat' dir='ltr'><strong>om.</strong></span> <span class='ocrx_word' id='word_1_267' title='bbox 278 4289 354 4342; x_wconf 89' lang='lat' dir='ltr'><strong>illum</strong></span> <span class='ocrx_word' id='word_1_268' title='bbox 427 4293 451 4345; x_wconf 84' lang='lat' dir='ltr'><em>E</em></span> <span class='ocrx_word' id='word_1_269' title='bbox 470 4291 609 4355; x_wconf 90' lang='lat' dir='ltr'><strong>Quicum</strong></span> <span class='ocrx_word' id='word_1_270' title='bbox 698 4308 737 4361; x_wconf 82' lang='lat'><strong>19.</strong></span> <span class='ocrx_word' id='word_1_271' title='bbox 757 4292 805 4346; x_wconf 78' lang='lat' dir='ltr'><strong>As</strong></span> <span class='ocrx_word' id='word_1_272' title='bbox 822 4308 949 4345; x_wconf 82' lang='lat' dir='ltr'><strong>revocare</strong></span> <span class='ocrx_word' id='word_1_273' title='bbox 1048 4307 1087 4345; x_wconf 89' lang='lat'><strong>22.</strong></span> <span class='ocrx_word' id='word_1_274' title='bbox 1108 4292 1138 4346; x_wconf 88' lang='lat' dir='ltr'><em>H</em></span> <span class='ocrx_word' id='word_1_275' title='bbox 1155 4311 1203 4346; x_wconf 82' lang='lat' dir='ltr'><strong>orn.</strong></span> <span class='ocrx_word' id='word_1_276' title='bbox 1223 4292 1288 4344; x_wconf 92' lang='lat' dir='ltr'><strong>dum</strong></span> <span class='ocrx_word' id='word_1_277' title='bbox 1310 4302 1332 4346; x_wconf 76' lang='lat' dir='ltr'><strong>ct</strong></span> 
     </span>
    </p>
   </div>
   <div class='ocr_carea' id='block_1_6' title="bbox 211 4369 1332 4518">
    <p class='ocr_par' dir='ltr' id='par_1_12' title="bbox 211 4369 1332 4518">
     <span class='ocr_line' id='line_1_37' title="bbox 211 4369 1332 4501; baseline 0.003 -80"><span class='ocrx_word' id='word_1_278' title='bbox 211 4369 254 4439; x_wconf 72' lang='lat' dir='ltr'><strong>leg.</strong></span> <span class='ocrx_word' id='word_1_279' title='bbox 274 4370 419 4501; x_wconf 64' lang='lat' dir='ltr'><strong>persistens</strong></span> <span class='ocrx_word' id='word_1_280' title='bbox 516 4371 675 4437; x_wconf 82' lang='lat' dir='ltr'><strong>24.Hloco</strong></span> <span class='ocrx_word' id='word_1_281' title='bbox 688 4388 739 4425; x_wconf 86' lang='lat' dir='ltr'><strong>suo</strong></span> <span class='ocrx_word' id='word_1_282' title='bbox 831 4374 872 4425; x_wconf 85' lang='lat'><strong>28.</strong></span> <span class='ocrx_word' id='word_1_283' title='bbox 889 4373 933 4425; x_wconf 82' lang='lat' dir='ltr'><strong>AS</strong></span> <span class='ocrx_word' id='word_1_284' title='bbox 948 4390 995 4424; x_wconf 78' lang='lat' dir='ltr'><strong>orn.</strong></span> <span class='ocrx_word' id='word_1_285' title='bbox 1012 4373 1105 4441; x_wconf 82' lang='lat' dir='ltr'><strong>iugum</strong></span> <span class='ocrx_word' id='word_1_286' title='bbox 1165 4374 1332 4426; x_wconf 76' lang='lat' dir='ltr'><strong>ostreatum</strong></span> 
     </span>
     <span class='ocr_line' id='line_1_38' title="bbox 213 4459 408 4518; baseline 0.01 -16"><span class='ocrx_word' id='word_1_287' title='bbox 213 4463 254 4518; x_wconf 83' lang='lat'><strong>30.</strong></span> <span class='ocrx_word' id='word_1_288' title='bbox 314 4467 363 4504; x_wconf 87' lang='lat' dir='ltr'><strong>om.</strong></span> <span class='ocrx_word' id='word_1_289' title='bbox 382 4459 408 4504; x_wconf 89' lang='lat' dir='ltr'><strong>et</strong></span> 
     </span>
    </p>
   </div>
   <div class='ocr_carea' id='block_1_7' title="bbox 0 0 1604 4875">
    <p class='ocr_par' dir='ltr' id='par_1_13' title="bbox 0 0 1604 4875">
     <span class='ocr_line' id='line_1_39' title="bbox 0 0 1604 4875; baseline 0 0"><span class='ocrx_word' id='word_1_290' title='bbox 0 0 1604 4875; x_wconf 95' lang='lat' dir='ltr'><strong> </strong></span> 
     </span>
    </p>
   </div>
  </div>
 </body>
</html>
