3142 4875
570 339 754 388 opuscum
781 339 976 388 struncrcn
1254 334 1329 407 437

218 573 476 672 evangelicam
497 571 603 669 sequi
632 572 744 644 docet
763 570 1042 668 perfectionem,
1061 595 1229 644 summae
1249 597 1335 667 pau-

217 682 373 779 pertatis
401 677 686 777 apprehendere
705 679 852 751 titulum
882 693 919 750 et
946 679 1043 749 viam
1073 694 1225 752 sanctae
1253 677 1337 750 sim·

218 787 392 885 plicitatis
424 787 608 859 incedere.
674 784 854 881 Proponit
892 786 1046 857 verbum
1084 784 1337 882 poenitentiae

219 895 402 976 omnibus,
425 911 464 967 et
483 894 598 965 verbo
617 892 704 965 licet
722 890 890 988 simplici,
912 891 979 964 sed
1000 892 1114 965 corde
1137 891 1338 990 magnifico

169 1029 187 1094 5
218 1000 413 1074 annuntiat
441 1001 596 1073 verbum
624 999 711 1076 Dei.
766 999 870 1071 Ante
898 1023 1047 1071 omnem
1071 1024 1177 1071 suum
1199 1022 1337 1070 sermo·

220 1134 305 1181 nem
332 1132 464 1205 pacem
484 1105 688 1203 praemittit
706 1121 744 1178 et
762 1103 995 1177 salutationis
1024 1105 1146 1202 gratia
1165 1104 1201 1178 in
1221 1105 1338 1178 verbo

218 1215 321 1313 pacis
339 1214 533 1312 praevenit
551 1238 694 1285 omnes.
752 1213 954 1308 Propterea
978 1211 1093 1294 multi,
1120 1212 1182 1308 qui
1206 1236 1335 1307 pacem

111 1374 120 1394 ,
219 1323 377 1395 oderant
405 1320 543 1416 pariter
570 1336 607 1392 et
635 1320 805 1403 salutem,
826 1318 993 1390 Domino
1022 1335 1247 1415 cooperante
1276 1343 1338 1414 pa·

220 1454 301 1502 cem
321 1426 522 1523 amplexati
543 1442 630 1498 sunt
646 1442 727 1498 toto
750 1426 873 1507 corde,
897 1425 982 1497 facti
1002 1441 1040 1497 et
1060 1426 1127 1523 ipsi
1153 1425 1214 1497 lilii
1236 1423 1338 1521 pacis

152 1565 191 1611 ro
220 1553 257 1608 et
276 1533 411 1608 aemuli
432 1533 560 1605 salutis
579 1549 766 1606 aeternae.
824 1530 931 1604 Multi
953 1531 1109 1627 proinde
1138 1532 1282 1604 nobiles
1301 1549 1339 1604 et

220 1640 414 1739 ignobiles.
437 1638 559 1712 clerici
588 1657 626 1711 et
654 1639 735 1712 laici
764 1638 845 1711 eius
872 1639 1079 1712 adhaerent
1100 1638 1279 1736 vestigiis,
1301 1656 1339 1711 et

220 1763 347 1844 spreta
375 1746 512 1820 saeculi
541 1771 680 1843 pompa
708 1747 799 1843 iugo
826 1744 899 1818 Dei
929 1745 1024 1818 colla
1051 1746 1283 1818 submittunt.

304 1876 338 1946 5.
357 1854 479 1926 Ardet
499 1853 534 1925 in
555 1869 685 1935 sancto
700 1852 772 1925 Dei
794 1852 987 1925 sinceriter
1006 1852 1154 1948 pietatis
1168 1854 1336 1934 aflectus;

220 1961 433 2058 vigilantius
452 1960 604 2032 adhibet
623 1959 786 2032 studium
807 1959 843 2032 in
865 1960 1018 2032 meliora
1038 1959 1265 2054 proficiendi,
1283 1959 1338 2030 sui

153 2097 188 2162 15
221 2086 333 2164 atque
348 2092 500 2140 suorum
516 2068 720 2163 profectum
738 2067 969 2162 concupiscit
982 2066 1187 2138 addiscere.
1246 2066 1340 2139 Orat

220 2174 409 2256 instanter,
432 2199 538 2246 sacra
566 2174 854 2269 compunctione
873 2173 1030 2258 afflatur,
1048 2173 1190 2270 sopitur
1209 2197 1339 2244 sensus

222 2280 353 2366 carniS,
382 2280 627 2352 introducitur
660 2279 695 2351 in
730 2279 980 2353 sanctuarium
1009 2279 1099 2362 Dei;
1135 2278 1340 2351 luculenter

296 2538 317 2575 1.
336 2518 571 2589 Cprofessionem
664 2533 687 2572 2.
707 2519 827 2589 titulum]
846 2520 879 2585 F,
891 2520 931 2575 Fa
947 2518 1057 2574 'culmen
1144 2536 1169 2586 4.
1194 2521 1216 2571 V
1231 2520 1296 2573 licet
1314 2533 1341 2573 et

223 2601 339 2671 simplici
425 2598 449 2654 6.
469 2599 653 2668 salutationis]
680 2600 702 2651 V
719 2599 870 2654 Salvatoris
908 2602 944 2654 Co
960 2619 1009 2654 om.
1029 2602 1054 2653 in
1118 2601 1142 2656 8.
1162 2601 1341 2670 cooperante]

224 2684 246 2737 C
264 2693 381 2749 cogente
460 2694 542 2750 9·1o.
562 2688 589 2731 et
608 2679 657 2748 ipsi
678 2677 695 2732 f.
716 2697 740 2750 p.
761 2693 787 2732 et
804 2679 914 2749 aemuli]
936 2679 1077 2735 CClrristi
1096 2682 1181 2735 sancti
1201 2681 1248 2733 lilii
1267 2683 1342 2752 pacis

223 2759 324 2814 aemuli
406 2775 446 2812 11.
467 2757 490 2810 C
508 2759 630 2828 vestigiis
653 2759 711 2812 eius
736 2770 761 2812 et
855 2774 893 2814 12.
913 2772 1001 2830 spreta
1020 2761 1133 2830 saeculi]
1159 2762 1181 2813 V
1197 2760 1342 2831 spectaculi

224 2842 281 2895 Post
303 2840 464 2893 submittunt
492 2837 590 2892 card.
609 2839 743 2893 ferventer
761 2839 885 2893 Domino
911 2842 1057 2896 servientes
1085 2855 1111 2895 et
1136 2855 1292 2913 paupertate
1317 2857 1344 2894 et

223 2939 286 2975 vera
314 2918 466 2972 humilitate
486 2916 675 2989 eleemosynas
694 2935 742 2989 pro
760 2919 813 2972 Dei
832 2937 925 2973 amore
946 2934 1067 2990 petentes
1142 2938 1181 2991 13.
1201 2920 1238 2985 C,
1252 2922 1276 2974 F
1290 2922 1344 2973 sin·

225 3018 301 3056 cerae
378 3016 416 3065 14.
437 2999 475 3068 in]
501 2999 523 3049 V
539 3010 568 3051 ut
616 3000 856 3070 in-proficiendi]
880 3002 902 3056 C
918 3019 1025 3071 semper
1037 3004 1064 3054 in
1079 3002 1193 3055 meliora
1214 3002 1343 3071 proficere

229 3096 294 3150 15·5
310 3080 420 3151 (p438).
433 3078 501 3132 Orat
512 3107 527 3119 -
540 3078 719 3148 confirmavit]
734 3082 757 3134 C
765 3082 833 3135 Orat
843 3083 974 3135 instanter
984 3094 1010 3134 et
1023 3080 1175 3152 frequenter
1192 3099 1253 3134 cum
1268 3081 1343 3134 lacri-

230 3163 282 3215 mis
292 3176 367 3213 sacra
378 3158 588 3229 compunctione
601 3158 714 3214 afflatus.
750 3161 784 3214 Et
797 3162 939 3215 crucifixus
950 3162 1061 3215 Domini
1075 3164 1207 3229 a...(?)...
1223 3162 1344 3232 loquens,

225 3256 254 3295 ut
267 3240 412 3295 ecclesiam
423 3255 501 3291 suam
512 3238 595 3292 ruinis
605 3239 657 3292 iam
670 3243 819 3309 proximam
832 3256 1000 3309 restauraret,
1011 3244 1133 3296 iniunxit.
1165 3243 1199 3295 Et
1217 3243 1276 3313 ipso
1288 3260 1343 3296 nou

223 3322 312 3375 solum
333 3320 406 3372 illam
427 3317 568 3371 ecclesiam
589 3319 682 3373 Sancti
701 3320 839 3386 Damiani,
852 3325 899 3377 sed
913 3338 939 3376 et
958 3323 1093 3390 gloriosae
1110 3323 1227 3392 Virginis
1241 3324 1343 3375 Mariae

229 3416 255 3456 et
276 3401 370 3455 Sancti
383 3399 453 3452 Petri
468 3397 581 3451 fideliter
601 3405 742 3470 reparavit.
774 3404 888 3458 Etcum
909 3416 998 3457 oraret
1017 3405 1043 3456 in
1064 3418 1165 3465 monte,
1180 3402 1303 3456 Salvator
1318 3405 1342 3456 ei

225 3481 346 3551 apparuit
365 3480 434 3533 sicut
452 3479 478 3531 in
498 3496 577 3532 cruce
596 3481 718 3535 confixus
737 3483 883 3553 iniungens
902 3497 929 3537 et
944 3486 1075 3555 inspirans
1086 3485 1118 3548 ei,
1134 3483 1206 3553 quod
1227 3485 1247 3534 si
1265 3482 1344 3535 vellet

225 3563 359 3634 perfectus
377 3576 446 3625 esse,
464 3562 568 3615 mundo
591 3579 620 3615 se
641 3563 820 3633 crucifigeret,
838 3566 998 3635 temporalia
1024 3578 1120 3618 cuncta
1146 3566 1299 3633 spernendo
1318 3577 1344 3616 et

228 3660 336 3696 crucem
357 3642 539 3711 poenitentiae
553 3645 578 3696 in
593 3643 684 3696 anima
704 3658 731 3697 et
750 3662 864 3716 corpore
883 3645 1017 3700 ferventer
1035 3645 1175 3714 portando
1208 3645 1297 3713 Saepe
1317 3647 1342 3695 in

228 3727 283 3780 suis
302 3723 408 3775 devotis
428 3723 594 3777 orationibus
620 3727 720 3794 rapitur
739 3724 764 3777 in
785 3743 905 3789 excessu,
922 3726 1024 3794 sopitur
1043 3727 1069 3777 in
1090 3742 1122 3777 eo
1137 3741 1230 3777 sensus
1249 3724 1345 3787 carnis,

227 3804 412 3861 introducitur
431 3804 456 3853 in
477 3804 660 3857 sanctuarium
680 3804 730 3858 Dei
747 3817 773 3858 et
788 3806 938 3859 luculenter
951 3806 1056 3875 inspicit
1069 3805 1186 3858 futurum
1201 3804 1241 3857 sui
1255 3806 1345 3873 gregis

229 3896 422 3955 augmentum.
459 3882 567 3937 Gratias
580 3888 636 3953 agit
646 3885 778 3940 Domino.
820 3888 934 3940 Revelat
958 3886 1020 3939 filiis
1039 3886 1106 3938 haec
1126 3899 1151 3937 et
1171 3884 1256 3954 plura,
1276 3900 1345 3953 quae

231 3968 309 4020 vidit.
349 3964 497 4033 Inspitatus
511 3981 525 4017 a
539 3965 660 4019 Domino
678 3967 769 4019 scribit
788 3968 836 4019 sibi
856 3980 883 4020 et
900 3966 1025 4020 fratribus
1044 3969 1099 4019 suis
1118 3964 1302 4035 praesentibus
1321 3977 1347 4016 et

235 4047 331 4101 futuris
342 4042 463 4113 regulam
483 4045 680 4114 evangelicam,
696 4064 809 4100 omnem
823 4047 1017 4117 perfectionem
1033 4046 1180 4100 sanctitatis
1191 4059 1217 4098 et
1232 4045 1347 4097 caritatis

232 4126 426 4189 continentem,
440 4141 520 4194 quam
541 4127 568 4179 in
588 4127 780 4182 calceamentis
800 4142 827 4181 et
845 4121 962 4181 vestibus
980 4129 1139 4198 opportunis
1157 4140 1184 4179 et
1201 4126 1228 4178 in
1242 4124 1346 4177 ieiuniis

226 4211 269 4281 pie
289 4220 317 4260 et
334 4205 449 4258 discrete
469 4209 638 4279 temperavit,
658 4208 786 4262 ministris
802 4222 828 4262 et
847 4208 1004 4261 custodibus
1023 4207 1200 4277 iniungendo,
1214 4206 1278 4257 utin
1298 4220 1345 4255 ne-

226 4293 396 4348 cessitatibus
411 4291 536 4346 fratribus
555 4289 804 4344 condescenderent
814 4302 841 4343 et
852 4288 1032 4341 retentionem
1044 4288 1176 4359 pecuniae
1186 4284 1347 4339 omnimode

229 4374 386 4427 devitarent.
415 4370 508 4434 Quam
520 4370 640 4440 regulam
652 4368 789 4423 Dominus
799 4367 972 4421 Innocentius
982 4367 1052 4437 Papa
1064 4367 1223 4436 approbavit
1236 4376 1261 4415 et
1273 4363 1346 4433 Papa

230 4453 370 4507 Honorius
389 4464 480 4523 postea
501 4450 679 4504 confirmavit.
757 4448 795 4502 16.
821 4449 842 4500 V
858 4461 950 4500 sancta
999 4450 1027 4511 f',
1047 4448 1067 4497 V
1085 4447 1190 4499 afflatus
