3142 4875
212 279 284 349 108
608 302 780 350 tunsum
808 302 920 350 Patara

206 563 332 610 mores
368 535 569 632 placabilis.
628 535 690 607 Hii
718 560 810 608 vero
851 535 951 608 omni
989 534 1191 631 vigilantia,
1228 533 1329 606 omni

205 645 343 727 studio
374 644 474 715 omni
504 643 695 717 voluntate
738 641 838 715 beati
874 642 988 740 patris
1024 642 1187 737 quietem
1215 640 1328 713 animi

205 751 441 834 excolebant,
461 749 712 825 infirmitatem
732 749 899 845 corporis
927 749 1186 845 procurabant,
1211 747 1330 819 nullas

207 857 438 930 declinantes
466 857 670 955 angustias,
703 855 823 928 nullos
852 855 1008 939 labores,
1041 854 1130 951 quin
1159 870 1259 927 totos
1288 879 1329 926 se

207 964 325 1038 sancti
355 964 506 1036 servitio
536 964 825 1059 manciparent·
1360 988 1376 1050 5

293 1092 376 1163 103.
403 1071 792 1165 Perfectz‘onz'sfhroor.
824 1069 900 1143 Sed
917 1067 1001 1141 licet
1021 1066 1207 1165 gloriosus
1221 1084 1329 1164 pater

205 1177 282 1249 iam
300 1193 400 1249 esset
420 1203 545 1253 coram
566 1178 652 1248 Deo
673 1177 707 1247 in
729 1177 851 1274 gratia
871 1192 1161 1257 consummatus,
1186 1193 1224 1246 et
1243 1200 1329 1271 ope·

207 1283 310 1356 ribus
348 1284 485 1356 sanctis
523 1284 689 1356 rutilaret
726 1283 821 1355 inter
845 1283 1020 1365 „homines
1051 1282 1177 1353 mundi
1207 1283 1326 1364 huius,

208 1391 401 1487 cogitabat
421 1410 545 1463 tamen
567 1415 714 1486 semper
734 1390 957 1485 perfectiora
977 1390 1151 1484 incipere,
1180 1405 1218 1460 et
1239 1404 1329 1460 tam·

209 1522 321 1593 quam
351 1497 588 1569 doctissimus
625 1495 730 1568 miles
766 1495 802 1568 in
842 1497 971 1569 castris
1010 1495 1093 1573 Dei,
1125 1510 1329 1591 provocato
1364 1519 1403 1565 to

206 1605 433 1687 adversario
456 1605 620 1676 excitare
641 1603 773 1675 iterum
796 1628 891 1675 nova
911 1604 1018 1675 bella.
1078 1602 1325 1698 Proponebat,

207 1711 362 1783 Christo
392 1712 497 1793 duce,
521 1712 689 1807 ingentia
717 1736 757 1782 se
788 1711 982 1791 iacturum,
1006 1726 1043 1781 et
1073 1709 1329 1781 fatiscentibus

206 1819 373 1901 artubus,
397 1819 470 1890 iam
490 1833 661 1889 emortuo
681 1841 848 1913 corpore,
868 1842 965 1888 novo
986 1816 1188 1888 certamine
1203 1832 1329 1910 sperat

169 1980 172 1985 ψ
206 1927 256 1997 de
286 1925 393 1996 hoste
414 1924 652 2020 triumphum.
692 2015 694 2019 y
712 1923 812 1996 Vera
834 1949 994 2018 namque
1015 1923 1130 1994 virtus
1149 1922 1330 2018 temporis

207 2032 322 2105 finem
352 2032 510 2127 ignorat,
534 2055 617 2102 cum
639 2029 822 2102 mercedis
844 2031 1076 2126 exspectatio
1097 2030 1143 2101 sit
1162 2045 1326 2102 aeterna.
1362 2053 1399 2117 15
1439 2028 1441 2031 ’
1491 2088 1496 2095 .

207 2139 412 2235 Flagrabat
441 2138 598 2234 proinde
627 2137 814 2209 desiderio
843 2163 982 2233 magno
1011 2136 1118 2208 valde
1138 2137 1186 2208 ad
1214 2136 1330 2207 humi·

208 2244 320 2316 litatis
349 2244 483 2316 reverti
504 2243 716 2340 primordia,
739 2259 776 2315 et
804 2269 895 2339 prae
913 2244 1050 2314 amoris
1080 2241 1329 2315 immensitate

207 2377 276 2448 spe
305 2354 487 2449 gaudens
520 2377 655 2447 corpus
684 2376 802 2433 suum,
835 2350 920 2423 licet
939 2352 987 2422 ad
1009 2368 1150 2423 tantam
1171 2350 1243 2421 iam
1264 2349 1330 2420 de-

208 2459 374 2530 venisset
411 2459 697 2541 extremitatem,
730 2483 907 2530 revocare
946 2459 1137 2552 cogitabat
1173 2458 1221 2530 ad
1259 2456 1329 2553 pri·

181 2615 183 2619 »
208 2565 346 2637 stinam
362 2566 590 2637 servitutem.
649 2565 883 2661 Amputabat
897 2591 920 2637 a
940 2591 979 2636 se
995 2566 1144 2661 penitus
1163 2565 1329 2636 omnium
1359 2588 1402 2634 20

207 2698 381 2744 curarum
403 2671 605 2755 obstacula,
630 2689 667 2743 et
687 2689 903 2744 cunctarum
932 2672 1220 2744 sollicitudinum
1241 2688 1330 2742 stre·

208 2779 327 2875 pitum
357 2778 570 2876 plenissime
607 2780 881 2875 compescebat,
914 2804 1074 2874 cumque
1109 2777 1331 2850 infirmitatis

206 2912 300 2958 suae
329 2886 527 2958 occasione
565 2884 729 2982 rigorem
758 2885 954 2982 pristinum
993 2883 1205 2958 necessario
1241 2900 1332 2956 tem·

207 3009 367 3088 peraret,
386 2994 551 3065 dicebat:
570 2993 804 3089 Incipiamus
837 2993 979 3074 fratrea,
1011 2992 1148 3063 servire
1178 2991 1332 3063 domino

209 3100 306 3182 De0‚
338 3099 425 3195 quia
462 3100 655 3195 hucusque
692 3099 763 3182 vix,
797 3101 854 3171 vel
888 3124 1017 3195 parum
1055 3099 1091 3170 in
1121 3097 1221 3171 nullo
1250 3121 1332 3195 pro·
1361 3123 1400 3188 25

208 3205 375 3277 lecimus.
435 3207 521 3277 Non
559 3207 808 3278 arbitrabatur
844 3231 886 3278 se
928 3208 1050 3278 adhuc
1089 3205 1331 3300 comprehen-

281 3491 304 3529 2.
320 3477 355 3530 05
368 3496 416 3529 om.
432 3476 551 3547 quietem
597 3477 627 3530 H
636 3480 730 3529 animo
806 3495 828 3546 3.
839 3479 920 3531 Eum.
932 3477 1115 3530 infirmitatem
1128 3477 1334 3547 -procurabant

208 3572 234 3621 4.
251 3557 292 3611 Ox
305 3557 481 3626 dedignantes
530 3557 786 3628 quin]AS,Hqui
838 3558 870 3611 M
879 3570 935 3610 toto
1009 3556 1332 3626 5.sancti]ASChristi;

208 3638 239 3690 H
256 3637 339 3689 animi
401 3636 446 3689 At
465 3638 649 3707 manciparant
741 3654 765 3707 7.
788 3639 896 3692 Orom.
920 3638 974 3690 iarn
1037 3639 1245 3690 ,llamcoram
1271 3637 1332 3690 Deo

207 3717 233 3770 8.
255 3719 323 3770 inter
342 3716 479 3784 homiues]
504 3717 533 3769 H
549 3717 680 3786 ingratia
780 3735 807 3786 9.
832 3718 876 3771 As
897 3736 945 3770 om.
967 3735 1074 3790 semper
1176 3733 1213 3770 to.
1234 3717 1292 3780 As,
1313 3718 1335 3770 P

206 3798 401 3849 devotissimus
481 3813 520 3849 11.
540 3797 706 3866 adversario]
729 3799 758 3850 ll
777 3797 855 3850 hoste
932 3814 971 3866 ¹3·
992 3798 1012 3850 L
1033 3798 1132 3850 artibus
1151 3799 1206 3848 lam
1227 3809 1334 3849 mortuo

208 3878 256 3931 AS
282 3878 406 3946 sperabat
499 3893 537 3940 14,
567 3879 708 3948 temporis]
732 3878 890 3948 Pcorporls
981 3878 1020 3930 16.
1043 3878 1168 3948 prolude]
1192 3879 1215 3931 E
1237 3877 1334 3930 deinde

213 3958 343 4028 17.'prae]
364 3957 407 4011 AS
422 3957 454 4009 ad
475 3957 595 4026 praemia
645 3959 673 4011 H
691 3974 784 4010 amore
804 3958 996 4011 immensitatis
1061 3948 1110 4011 ⁴18.
1127 3958 1186 4028 spe]
1204 3958 1249 4011 AS
1263 3974 1334 4011 sem·

209 4046 290 4106 peret
303 4038 347 4107 lag.
361 4054 421 4089 cum
436 4053 624 4106 corpussuunt
637 4038 669 4090 ad
707 4039 861 4095 Hortalum
939 4055 977 4107 19.
995 4041 1029 4092 Os
1043 4038 1164 4108 cupiebat
1238 4053 1279 4092 20.
1293 4038 1335 4091 Ox

207 4118 352 4170 sanitatem
453 4133 494 4172 21.
522 4119 660 4188 curarum]
685 4118 730 4172 AS
754 4131 937 4172 creaturarum
1030 4133 1123 4171 21-22.
1153 4120 1184 4172 ,ll
1210 4118 1335 4188 strepitus

210 4197 293 4266 23.R
320 4199 441 4266 vigorem
504 4199 558 4262 AS,
586 4201 609 4251 E
635 4217 683 4252 om.
709 4200 865 4252 necessario
969 4214 1064 4264 23-24.
1090 4200 1113 4252 Ε
1135 4200 1335 4267 obtemperaret

210 4277 459 4348 25.quia]ASqul
511 4278 670 4353 vellrlulli
721 4280 842 4349 in]Put
916 4279 957 4334 26.
973 4281 1021 4333 AS
1032 4280 1104 4332 Nam
1123 4296 1180 4331 non
1232 4276 1335 4347 adhuc]

211 4357 242 4410 M
260 4358 292 4409 ab
312 4357 353 4409 his
