3142 4875
247 311 294 396 76
644 326 815 377 incanum
844 329 955 377 vnnm

1099 433 1363 441 ..----—-——

241 563 332 635 Erat
360 559 459 633 enim
488 559 588 632 rivus
613 560 860 656 eloquentiae,
885 571 1011 634 murus
1038 560 1242 644 Ecclesiae,
1273 559 1365 632 veri·

240 669 326 742 tatis
340 682 504 740 assertor
518 684 557 739 et
570 684 714 765 amator
730 666 932 740 humilium.
966 668 1191 764 ,Benedicta
1206 668 1364 764 proinde

241 802 285 848 ac
313 771 564 848 memorabilis
597 774 657 846 illa
694 774 785 855 dies,
818 775 853 846 in
892 799 966 871 qua
994 791 1145 847 sanctus
1184 772 1257 845 Dei
1287 789 1363 846 tam

241 880 441 955 venerabili
462 879 615 964 domino
634 906 675 952 se
694 874 891 954 commisit.
951 881 1046 954 Cum
1066 881 1167 954 enim
1191 881 1363 977 'tempore

241 990 404 1086 quodam
434 987 606 1059 dominus
635 987 704 1059 iste
733 985 932 1086 legatione,
956 987 1051 1060 sicut
1070 1013 1184 1084 saepe
1204 988 1359 1070 solebat,
1395 1015 1414 1079 5

241 1121 310 1193 pro
320 1094 419 1167 Sede
430 1091 649 1190 Apostolica
665 1093 700 1164 in
712 1093 851 1167 Tuscia
867 1096 1095 1192 fungeretur,
1106 1095 1239 1168 beatus
1250 1096 1363 1166 Fran-

241 1202 370 1282 ciscus,
394 1225 468 1273 non
498 1200 634 1272 multos
653 1200 776 1273 adhuc
796 1201 928 1275 iratres
948 1202 1092 1274 habens
1110 1218 1148 1274 et
1174 1202 1304 1274 volens
1324 1202 1360 1272 in

241 1306 437 1381 Franciam
467 1306 529 1390 ire,
561 1307 712 1378 devenit
733 1306 972 1391 Florentiam,
1005 1309 1067 1380 ubi
1096 1308 1281 1394 tunciam
1309 1307 1361 1379 di-

242 1432 323 1488 ctus
363 1413 562 1511 episcopus
604 1414 830 1486 morabatur.
903 1416 1081 1487 Nondum
1118 1413 1212 1487 alter
1255 1413 1360 1487 alteri

241 1538 321 1594 erat
339 1518 542 1617 praecipua
561 1518 807 1593 familiaritate
828 1521 1057 1604 coniunctus,
1077 1522 1143 1593 sed
1164 1520 1243 1594 sola
1263 1522 1361 1595 lama
1394 1547 1434 1593 ro

240 1629 374 1701 beatae
408 1628 507 1699 vitae
536 1641 663 1700 mutua
698 1651 765 1699 eos
793 1643 832 1699 et
859 1617 1042 1701 affectuali
1071 1629 1242 1700 iunxerat
1277 1629 1360 1701 cha·

240 1736 360 1807 ritate.
879 1729 884 1738 ’
925 1763 928 1768 ·
1146 1817 1149 1821 ,

324 1862 382 1932 75.
442 1840 643 1913 Caeterum
672 1839 760 1936 quia
789 1841 902 1913 moris
930 1859 1011 1914 erat
1038 1840 1137 1915 beati
1159 1840 1359 1924 Francisci,

135 2033 139 2038 .
240 1974 324 2028 cum
344 1947 505 2043 aliquam
535 1946 723 2019 civitatem
757 1948 815 2021 vel
849 1964 999 2030 terram}
1019 1948 1289 2046 ingrederetur,
1312 1948 1361 2020 ad
1464 1963 1470 1969 '

181 2113 186 2122 .
241 2056 440 2151 episcopos
469 2052 528 2126 vel
556 2054 772 2126 sacerdotes
800 2057 993 2150 accedere,
1014 2054 1171 2128 audiens
1191 2057 1236 2128 de
1257 2079 1360 2151 prae·
1394 2083 1430 2146 ¹5

239 2161 359 2235 sentia
379 2160 470 2233 tanti
491 2160 687 2257 pontificis
720 2160 859 2258 magna
887 2187 971 2234 cum
992 2162 1202 2258 reverentia
1221 2163 1301 2234 eius
1320 2185 1361 2233 se

241 2267 462 2341 clementiae
490 2267 753 2363 praesentavit.
813 2268 937 2361 Quem
968 2269 1141 2341 dominus
1161 2267 1361 2365 episcopus

233 2366 380 2457 'videns
412 2372 540 2446 humili
577 2373 777 2447 devotione
813 2373 987 2472 suscepit,
1028 2374 1123 2449 sicut
1147 2391 1185 2449 et
1212 2399 1361 2470 semper

238 2480 411 2555 omnibus
430 2506 574 2554 sacram
594 2480 814 2578 religionem
835 2484 1166 2578 praetendentibus
1188 2483 1356 2565 faciebat,

136 2645 154 2665 ,-
239 2605 276 2661 et
314 2587 383 2659 illis
411 2586 611 2684 praecipue
627 2586 689 2684 qui
713 2589 848 2662 beatae
877 2591 1107 2685 paupertatis
1143 2607 1181 2663 et
1208 2605 1360 2662 sanctae
1389 2612 1433 2658 20

240 2693 485 2789 simplicitatis
506 2693 653 2791 insigne
674 2695 798 2768 nobile
817 2696 1047 2769 deserebant.
1106 2697 1155 2769 Et
1183 2695 1360 2792 quoniam

241 2800 418 2874 sollicitus
451 2817 531 2873 erat
563 2826 770 2899 pauperum
799 2802 974 2900 supplere
1003 2802 1178 2899 inopiam,
1206 2818 1245 2874 et
1265 2802 1361 2898 ipso·

237 2932 319 2980 rum
341 2907 493 3005 negotia
518 2907 728 3004 specialiter
742 2925 982 3004 pertractare,
1005 2935 1155 2983 causam
1177 2909 1360 2982 adventus

238 3014 353 3111 ipsius
381 3014 581 3112 diligenter
609 3015 802 3110 quaesivit,
835 3033 873 3088 et
900 3016 980 3089 eius
1007 3016 1239 3114 propositum
1259 3014 1361 3088 beni·

238 3119 418 3219 gnissime
433 3120 638 3195 intellexit.
698 3122 823 3216 Quem
853 3149 937 3195 cum
958 3139 1128 3196 cerneret
1147 3147 1260 3219 supra
1279 3147 1360 3194 cae·
1390 3146 1408 3191 2
1414 3147 1430 3211 5

239 3244 340 3301 teros
369 3244 517 3301 terrena
537 3228 663 3301 omnia
692 3244 1008 3313 contemnentem,
1030 3246 1069 3302 et
1097 3229 1158 3302 illo
1184 3229 1274 3327 igne
1293 3230 1360 3301 fer·

240 3351 402 3417 ventem,
434 3360 545 3430 quem
566 3335 670 3407 lesus
690 3335 789 3408 misit
817 3334 854 3408 in
884 3352 1032 3421 terram,
1063 3337 1188 3410 anima
1216 3362 1284 3408 sua
1311 3361 1359 3408 ex

239 3457 327 3514 tunc
355 3439 502 3515 animae
522 3441 617 3514 illius
637 3441 894 3540 conglutinata
917 3460 984 3527 est,
1003 3445 1140 3517 devote
1164 3442 1278 3539 ipsius
1298 3466 1359 3540 pe·

238 3564 322 3621 tens
350 3546 558 3621 orationem
595 3566 634 3621 et
670 3549 894 3646 gratissime.
919 3576 1025 3624 suam
1063 3550 1097 3623 ei
1125 3550 1286 3623 offerens
1323 3550 1358 3622 in

1185 3686 1218 3735 h

311 3826 332 3864 ι,
353 3811 397 3864 AS
410 3827 459 3863 om.
479 3811 553 3863 enim
602 3809 738 3863 Hmurus
752 3810 870 3863 iustitiae
948 3828 1005 3865 1-2.
1027 3812 1071 3866 As
1089 3828 1181 3865 murus
1201 3810 1273 3864 Eccl.
1292 3812 1361 3864 invi-

238 3904 303 3955 ctus,
322 3904 440 3944 assertor
458 3890 605 3943 humilium
690 3905 714 3944 2.
740 3893 774 3943 W
789 3904 910 3943 armator
997 3908 1019 3960 3.
1038 3892 1084 3946 AS
1101 3910 1150 3944 om.
1170 3892 1197 3944 in
1281 3907 1304 3957 4.
1326 3892 1361 3946 Os

236 3970 303 4041 patri
318 3985 344 4025 et
359 3970 472 4024 domino
547 3972 569 4024 8.
593 3972 627 4025 Os
643 3987 691 4023 om.
707 3983 772 4024 tunc
847 3972 1115 4041 8·9.Hom.dicrus
1192 3987 1231 4026 ιο.
1252 3973 1360 4027 ASom.

237 4063 293 4103 erat
387 4067 426 4103 11.
446 4051 491 4105 As
508 4050 624 4103 muturli
646 4067 692 4104 eos
715 4052 840 4104 iunxerat
859 4070 882 4104 c.
977 4068 1015 4120 13.
1037 4052 1080 4105 AS
1100 4051 1304 4123 caeterumque
1324 4069 1361 4104 m.

239 4129 436 4199 14.vel].lSet
493 4132 702 4200 15.episcopos]
716 4132 764 4186 As
774 4132 849 4202 ipsos
886 4132 1014 4201 vel]Let
1078 4132 1361 4203 18-19.Petcaeteris

236 4210 362 4263 omnibus
375 4226 483 4280 semper
566 4212 771 4280 19.Rsanctam
859 4212 1200 4281 aosanctaeJASbeatae
1285 4213 1362 4266 215

237 4291 346 4357 signum
400 4289 639 4361 Oxpraeferebant
712 4290 1212 4362 24.ipsius]Hsui,·05eius;Rom.
1287 4290 1360 4347 aon

238 4386 286 4423 om.
306 4370 399 4422 omnia
472 4386 515 4440 27.
537 4372 571 4425 Os
590 4371 718 4425 dominus
738 4371 814 4425 lesus
