3142 4875
263 209 339 295 426
569 228 776 277 mactatus
808 228 1076 277 bestiunculis

610 339 669 344 *-
695 339 755 344 .-.-
786 339 876 344 ..—..
889 339 981 345 .-—-..
992 337 1391 346 ——-=.---—--—-..-——-

261 466 368 538 adest
396 463 604 538 innocentis
632 480 778 537 amator
805 462 947 544 aetatis,
971 480 1009 537 et
1028 463 1137 536 solita
1155 463 1295 560 pietate
1315 465 1395 536 mi-

261 572 354 648 seris
384 573 597 644 miseretur:
629 571 715 669 Ego
735 597 828 654 sum,
851 570 979 667 inquit,
1011 569 1242 653 Franciscus,
1262 594 1285 641 o
1306 596 1392 642 mu-

262 678 339 762 lier,
363 704 475 774 quem
490 676 602 750 tantis
617 677 777 751 lacrimis
797 677 988 751 invocasti.
1045 678 1158 759 Pone,
1181 677 1242 759 ait,
1265 702 1394 749 mam·

263 811 342 858 mas
379 785 415 857 in
452 810 517 857 ore
552 783 705 882 pueruli,
746 784 921 881 quoniam
960 783 1194 856 abundanter
1227 782 1292 855 tibi
1326 783 1392 856 lac

261 893 448 964 Dominus
476 892 590 964 dabit.
655 889 788 989 Implet
816 915 910 964 anus
939 892 1055 965 sancti
1085 891 1311 972 mandatum,
1345 907 1394 963 et
1427 918 1444 981 5

261 1000 385 1072 statim
413 1000 681 1096 octogenariae
710 1023 896 1072 mammae
915 996 1020 1070 lactis
1040 997 1185 1095 copiam
1211 998 1387 1070 fundunt.

260 1106 321 1178 Fit
351 1124 478 1177 notum
507 1105 690 1184 omnibus,
721 1105 808 1202 quia
838 1105 949 1177 fidem
975 1103 1070 1176 oculi
1091 1104 1241 1189 faciunt,
1263 1120 1300 1176 et
1324 1129 1390 1176 re·

260 1213 408 1309 plentur
436 1237 567 1284 omnes
595 1229 758 1308 stupore,
791 1212 879 1283 dum
904 1236 1016 1284 curva
1040 1227 1214 1284 senectus
1232 1209 1389 1283 iuvenili

261 1319 382 1392 calore
419 1318 577 1391 virescit.
642 1319 856 1391 Accurrunt
892 1315 1038 1414 plurimi
1073 1318 1121 1390 ad
1155 1317 1386 1401 videndum;

260 1426 356 1499 inter
374 1424 583 1521 quosillius
610 1424 825 1523 provinciae
854 1450 989 1508 comes,
1022 1424 1123 1520 quod
1146 1425 1283 1496 rumori
1308 1449 1389 1497 non
1426 1450 1465 1496 10

261 1531 909 1630 credidit,experientiarecognovit.
941 1531 1387 1628 Namsuperadstantem

261 1640 435 1711 comitem
451 1640 550 1711 etde
566 1639 663 1711 sacto
680 1637 935 1712 huiuscemodi
950 1639 1227 1735 perquirentem
1243 1663 1389 1736 rugosa

260 1744 384 1818 vetula
412 1744 531 1817 rivum
561 1745 665 1817 lactis
693 1745 839 1818 influxit
867 1761 905 1817 et
932 1771 954 1818 a
982 1771 1025 1818 se
1052 1744 1115 1817 tali
1144 1770 1229 1818 eum
1258 1770 1386 1840 asper-

260 1852 364 1925 sione
385 1853 537 1950 sugavit.
583 1852 817 1925 Benedicunt
836 1853 994 1948 proinde
1014 1877 1146 1925 omnes
1161 1851 1381 1935 Dominum,

259 1958 321 2056 qui
343 1959 430 2031 lacit
450 1959 631 2032 mirabilia
655 1984 793 2056 magna
821 1960 931 2042 soluS,
955 1975 993 2032 et
1021 1983 1169 2031 servum
1199 1959 1278 2031 eius
1301 1984 1385 2031 san·
1422 1982 1456 2048 ¹5

260 2082 359 2138 ctum
377 2065 615 2138 Franciscum
632 2065 762 2138 sedulo
777 2082 1002 2139 venerantur
1017 2065 1211 2161 obsequio.
1254 2066 1386 2137 Crevit

260 2173 333 2245 cito
352 2197 446 2269 puer
466 2172 692 2245 nutrimento
714 2172 880 2255 mirabili,
904 2189 941 2245 et
960 2173 1094 2245 aetatis
1109 2197 1200 2244 suae
1221 2172 1256 2244 in
1277 2174 1384 2245 brevi

260 2280 336 2352 iura
366 2279 605 2352 transcendit.

346 2388 428 2479 183.
460 2385 528 2458 Vir
555 2385 717 2483 quidam,
749 2386 933 2460 Martinus
963 2387 1123 2471 nomine,
1155 2412 1238 2459 cum
1269 2385 1384 2485 longe

260 2519 282 2566 a
311 2510 432 2565 castro
461 2519 530 2566 suo
559 2495 674 2566 boves
707 2494 876 2567 duxisset
903 2495 951 2566 ad
980 2520 1128 2590 pascua,
1161 2520 1245 2566 crus
1274 2495 1385 2566 unius
1415 2520 1457 2566 20

261 2599 368 2672 bovis
396 2626 483 2673 casu
513 2600 675 2696 quodam
706 2601 757 2673 sic
784 2618 842 2674 est
861 2602 1059 2696 desperate
1079 2601 1317 2679 confractum.
1343 2616 1385 2674 ut

263 2706 350 2779 nihil
379 2706 563 2779 Martinus
591 2707 639 2778 de
667 2707 835 2780 remedio
864 2708 1058 2805 cogitaret.
1125 2709 1227 2780 Dum
1255 2725 1382 2780 autem

262 2839 329 2910 pro
357 2814 611 2888 decoriatione
632 2814 725 2887 soret
744 2814 922 2888 sollicitus
942 2832 980 2886 et
1007 2815 1292 2888 instrumentum
1316 2813 1384 2885 ali-

261 2921 362 3017 quod
379 2947 451 2992 non
473 2921 638 3003 haberet,
661 2922 813 2994 domum
830 2922 1036 3005 revertitur,
1054 2924 1166 2994 beato
1182 2922 1383 2994 Francisco

260 3026 366 3100 bovis
401 3053 527 3101 curam
566 3027 789 3124 relinquens,
824 3054 868 3100 ne
899 3029 1019 3124 ipsum
1053 3027 1128 3126 lupi
1157 3047 1244 3101 ante
1273 3053 1382 3100 suum
1414 3056 1451 3119 25

260 3134 420 3207 reditum
436 3135 671 3213 devorarent.
727 3134 883 3208 Summo
899 3161 1010 3209 mane
1023 3137 1072 3208 ad
1086 3136 1222 3208 bovem
1238 3134 1275 3207 in
1290 3134 1384 3208 silva

260 3241 428 3315 relictum
458 3267 541 3314 cum
570 3241 804 3314 excoriatore
832 3243 1038 3325 revertitur,
1069 3244 1136 3316 sed
1165 3260 1383 3340 pascentem

261 3349 311 3421 ita
339 3347 477 3444 reperit
500 3350 646 3432 bovem,
670 3350 771 3445 quod
795 3374 1031 3446 nequaquam
1052 3349 1209 3422 fractum
1230 3374 1315 3421 crus
1333 3350 1383 3420 ab

260 3454 378 3528 altero
405 3455 651 3528 discernebat.
718 3456 869 3529 Gratias
896 3456 976 3553 egit
1008 3456 1108 3528 bono
1138 3456 1286 3552 pastori.
1318 3455 1381 3551 qui

261 3562 478 3660 diligentem
499 3588 634 3634 <curam
664 3561 793 3634 habuit
821 3579 859 3634 et
887 3562 1071 3635 medelam
1101 3563 1264 3636 donavit.
1414 3587 1451 3654 30

348 3671 429 3758 184.
454 3668 520 3741 Vir
538 3670 632 3741 alter
651 3669 698 3741 de
718 3669 927 3751 Amiterno,
947 3695 1030 3741 curn
1047 3669 1252 3743 iumentum
1272 3695 1380 3741 suum

261 3777 358 3849 lurto
386 3776 570 3849 sublatum
601 3802 668 3873 per
687 3775 886 3849 triennium
905 3776 1139 3873 perdidisset,
1162 3778 1209 3849 ad
1230 3779 1380 3849 beatum

261 3881 500 3955 Franciscum
530 3908 617 3955 suas
645 3883 827 3956 convertit
856 3882 1037 3980 querelas
1070 3884 1226 3981 supplici
1256 3908 1297 3955 se
1331 3882 1380 3955 illi

260 3988 525 4063 lamentatione
553 4007 805 4087 prosternens.
872 3991 994 4063 Nocte
1023 3991 1196 4085 quadam,
1227 4015 1311 4064 com
1340 4014 1381 4062 se

260 4096 385 4192 sopori
413 4096 589 4181 dedisset,
612 4098 752 4170 audivit
770 4122 902 4169 vocem
922 4096 1110 4170 dicentem
1131 4097 1217 4170 sibi:
1244 4097 1378 4196 Surge,
1413 4135 1450 4201 35

259 4204 354 4274 vade
392 4202 596 4299 Spoletum,
629 4221 666 4276 et
698 4204 784 4277 inde
827 4205 1032 4276 iumentum
1069 4220 1174 4277 tuum
1212 4206 1379 4277 reduces,

261 4307 453 4403 Evigilans
482 4310 541 4381 ille
569 4310 616 4381 ad
645 4336 777 4383 vocem
807 4310 1007 4407 obstupuit,
1032 4328 1069 4383 et
1093 4311 1226 4384 iterum
1246 4312 1381 4383 obdor-

1437 3969 1448 3999 0
