3142 4875
614 353 718 402 BEATI
746 351 932 402 FRANCISCl
1256 347 1331 418 309

214 464 584 472 ———--——-=
607 463 743 471 =——-——-

213 586 378 685 t[or]p0r
411 602 594 671 nascatur,
626 612 695 659 nec
730 611 778 659 ex
811 584 916 681 lapsa
952 584 1186 681 indulgentia
1214 583 1335 655 disso-

213 693 305 766 lutio
333 692 559 791 disciplinae,
583 709 622 766 ut
650 719 734 765 curn
763 692 880 766 arnori
913 691 1097 774 omnibus,
1127 692 1174 763 sit
1202 690 1333 763 terrori

215 826 288 873 non
337 800 457 873 minus
501 799 573 872 hiis
611 798 672 896 qui
720 813 922 896 operantur
968 798 1116 871 malum.
1188 797 1333 869 Vellem

214 924 338 980 autem
368 933 454 980 eum
493 907 615 980 socios
645 907 782 980 habere
812 904 1002 1002 praeditos
1030 906 1237 987 honestate,
1270 903 1332 999 qui

167 1042 185 1107 5
214 1040 265 1096 se,
297 1014 510 1111 sicutipse,
542 1014 707 1087 omnium
736 1015 919 1086 bonorum
949 1012 1173 1108 praeberent
1205 1035 1334 1083 exem-

214 1121 327 1218 plum.
385 1120 544 1219 Rigidos
572 1123 751 1194 adversus
771 1119 992 1215 voluptates
1015 1119 1128 1191 sortes
1153 1120 1333 1191 adversus

213 1229 417 1325 angustias
449 1244 602 1324 tamque
631 1228 897 1300 convenienter
924 1225 1100 1310 affabiles
1133 1240 1173 1297 ut
1202 1250 1332 1296 omnes

215 1335 277 1430 qui
298 1334 468 1408 venirent
487 1351 616 1408 sancta
635 1360 717 1405 curn
739 1332 967 1406 iucunditate
983 1332 1201 1428 reciperent.
1260 1331 1330 1415 En,

215 1440 343 1538 inquit,
366 1440 553 1539 generalis
582 1440 748 1513 minister
778 1440 932 1514 Ordinis
951 1439 1035 1513 talis
1061 1466 1145 1512 esse
1164 1440 1330 1511 deberet.

148 1794 186 1841 ro
374 1769 446 1867 [De
466 1767 766 1864 provincialibus
794 1765 1014 1863 miminis}
1074 1764 1189 1838 CXL.

301 1984 383 2073 187.
415 1979 646 2076 Requirebat
674 1981 766 2052 haec
796 1979 922 2052 omnia
950 1977 1038 2050 felix
1065 1994 1173 2076 pater
1200 1979 1237 2052 in
1267 1979 1334 2052 rni-

214 2089 338 2161 nistris
366 2087 665 2184 prouincialibus
697 2087 782 2159 licet
812 2086 846 2158 in
868 2086 1034 2184 generali
1065 2084 1234 2158 ministro
1262 2085 1333 2158 sin-

214 2196 302 2293 gula
330 2196 493 2268 debeant
521 2193 757 2291 singulariter
775 2193 1020 2291 praeminere.
1082 2192 1240 2265 Volebat
1267 2218 1333 2265 eos

213 2301 378 2375 affabiles
407 2327 489 2373 esse
518 2301 733 2385 minoribus
765 2317 802 2372 et
830 2317 933 2373 tanta
965 2299 1226 2373 benevolentia
1254 2299 1332 2395 pla-

148 2432 185 2499 15
213 2409 326 2493 eidos
350 2425 390 2482 ut
418 2433 548 2482 eorum
576 2406 722 2481 affectui
753 2433 826 2480 non
856 2433 897 2479 se
924 2425 1143 2480 vererentur
1162 2406 1328 2480 commit-

214 2533 292 2589 tere
313 2516 583 2612 delinquentes
642 2514 803 2587 Volebat
822 2514 1037 2587 moderatos
1057 2516 1092 2587 in
1109 2514 1328 2611 praeceptis

213 2624 395 2720 propitios
432 2623 468 2694 in
506 2622 666 2705 offensis,
699 2623 795 2694 lerre
831 2622 952 2717 magis
989 2639 1183 2718 promptos
1220 2646 1330 2716 quam

214 2732 352 2802 referre
367 2730 527 2812 iniurias,
546 2730 673 2801 hostes
688 2728 797 2813 vitiis,
815 2729 980 2801 medicos
1009 2728 1161 2801 vitiosis.
1218 2728 1332 2801 Tales

214 2836 376 2933 denique
394 2837 554 2922 volebat,
573 2862 730 2932 quorum
750 2834 825 2907 vita
841 2835 998 2908 caeteris
1017 2852 1116 2908 esset
1139 2834 1330 2931 speculum

144 2965 185 3011 20
214 2942 440 3040 disciplinae.
499 2943 580 3015 llos
608 2941 913 3023 tamenvolebat
940 2943 1040 3015 omni
1062 2944 1205 3015 honore
1224 2968 1332 3038 prae-

212 3052 329 3124 veniri
358 3067 397 3123 et
433 3050 547 3148 diligi,
579 3049 673 3121 sicut
701 3050 763 3146 qui
797 3050 945 3145 pondus
973 3066 1165 3146 portarent
1197 3050 1349 3123 sollici·

213 3157 382 3230 tudinum
412 3173 450 3231 et
477 3156 656 3229 laborum.
715 3155 917 3250 Sunun[i]s
946 3182 1011 3228 eos
1036 3155 1211 3253 praemiis
1230 3158 1330 3252 apud

213 3265 337 3336 Deum
369 3266 538 3360 [dignos]
570 3289 654 3336 esse
683 3265 840 3345 dicebat,
864 3263 925 3358 qui
949 3262 1012 3335 tali
1042 3265 1169 3348 forma,
1192 3262 1329 3359 talique

213 3373 307 3470 lege,
340 3373 500 3444 creditas
528 3370 596 3443 sibi
626 3371 769 3443 animas
797 3372 1059 3467 gubernarent.

143 3728 161 3775 2
166 3730 182 3794 5
336 3700 462 3793 [Quid
485 3709 634 3769 sanctus
663 3700 916 3793 interrogatus
944 3698 987 3768 de
1014 3698 1206 3768 mz‘nzslrr's

567 3805 783 3899 respondit}
844 3804 976 3876 CXLI.

300 4020 381 4090 188.
413 4020 668 4115 Interrogatus
704 4041 726 4089 a
762 4017 926 4112 quodam
964 4016 1074 4087 fratre
1111 4016 1237 4102 semel,
1268 4043 1332 4088 cur

215 4125 344 4198 fratres
373 4150 503 4197 omnes
522 4124 616 4197 sica
644 4149 711 4197 sua
731 4123 900 4196 custodia
926 4121 1083 4195 reiectos
1111 4121 1241 4196 alienis
1266 4150 1332 4196 eos

288 4318 451 4387 1.Atepor
525 4333 564 4384 15.
585 4317 618 4369 M
633 4329 793 4368 vexarentur
866 4316 949 4371 22.A
970 4314 1100 4369 Summos
1172 4318 1331 4387 23.Aom,

215 4398 312 4469 dignos
384 4399 426 4452 28.
446 4397 567 4450 custodia
586 4396 711 4463 reiectos]
734 4398 763 4449 ll
778 4412 842 4448 cura
862 4396 963 4450 eiectos
