3142 4875
599 387 705 435 anan
733 385 919 436 uniuerso
1242 388 1312 456 331
1408 415 1412 420 -

1161 494 1320 504 --—..

201 618 326 692 ctabat
353 616 569 714 intrepidus,
593 632 630 690 et
649 616 831 691 consertis
851 617 1022 690 manibus
1042 617 1203 691 iustitiae
1222 644 1321 693 com·

199 725 433 822 plectebatur
460 749 649 798 coronam.
707 725 855 797 Positus
883 724 936 796 sic
966 724 1002 797 in
1031 740 1140 808 terra,
1172 724 1321 799 saccina

198 847 304 905 veste
331 830 512 930 deposita,
554 830 684 904 faciem
715 832 825 904 solito
853 831 991 905 levavit
1019 832 1067 904 ad
1097 832 1253 915 caelum,
1283 847 1322 906 et

200 937 398 1011 intendens
427 937 476 1011 illi
505 936 649 1036 gloriae
676 953 788 1022 totus,
821 963 932 1011 manu
962 937 1111 1012 sinistra
1130 939 1252 1011 dextri
1268 938 1322 1011 la-

152 1081 169 1146 5
199 1045 288 1118 teris
316 1044 459 1129 vulnus,
492 1069 539 1118 ne
568 1045 766 1128 videretur,
798 1044 954 1118 obtexit.
1019 1045 1068 1119 Et
1096 1045 1148 1118 ait
1175 1045 1222 1118 ad
1252 1047 1321 1119 srass

199 1169 294 1225 tres:
326 1151 413 1250 Ego
441 1153 542 1249 quod
573 1176 697 1223 meum
728 1167 785 1224 est
814 1148 902 1235 seci;
934 1152 1035 1249 quod
1069 1169 1234 1226 vestrum
1263 1170 1321 1226 est

200 1258 371 1332 Christus
399 1258 568 1332 edoceat.

283 1387 369 1457 215.
400 1364 584 1438 Videntes
611 1364 704 1438 haec
734 1364 796 1437 filii
817 1364 1028 1461 producunt
1051 1364 1190 1438 rivulos
1218 1366 1321 1439 lacri-

201 1498 355 1556 marum,
377 1489 416 1544 et
434 1473 482 1544 de
503 1470 641 1544 intimis
654 1473 770 1570 longa
798 1471 990 1545 trahentes
1013 1471 1181 1570 suspiria,
1205 1472 1320 1545 nimio

133 1615 173 1661 10
200 1578 318 1652 dolori
339 1579 603 1676 compatiendo
632 1580 891 1652 succumbunt.
950 1580 1096 1652 lnterea
1115 1578 1246 1676 sopitis
1267 1596 1320 1653 ut·

201 1712 361 1783 cumque
371 1684 607 1783 singultibus,
628 1686 859 1783 guardianus
873 1687 963 1769 eius,
978 1685 1040 1783 qui
1055 1701 1182 1759 votum
1203 1687 1320 1759 sancti

201 1792 325 1865 divina
352 1791 476 1864 verius
505 1791 747 1889 inspiratione
767 1792 955 1889 cognovit.
978 1792 1134 1865 festinus
1162 1794 1323 1865 surrexit

200 1916 238 1973 et
266 1916 459 1996 acceptam
481 1924 564 1971 cum
595 1898 834 1972 femoralibus
862 1899 1036 1982 tunicam,
1059 1898 1324 1996 saccinamque

201 2005 459 2103 cappellulam,
490 2004 584 2078 dixit
611 2006 659 2078 ad
688 2022 853 2104 patrem:
884 2005 1068 2078 Tunicam
1088 2005 1196 2079 istam
1217 2023 1255 2078 et
1274 2006 1291 2077 s
1313 2051 1323 2061 -

133 2150 170 2216 15
201 2113 354 2186 moralia
367 2138 451 2185 cum
468 2112 684 2210 cappellula‚
708 2112 946 2185 obedientiae
966 2129 1117 2185 sanctae
1132 2113 1319 2196 mandato

200 2245 223 2293 a
251 2245 310 2292 me
339 2219 406 2292 tibi
435 2220 757 2292 accommodatam
778 2218 1012 2314 cognoveris.
1071 2218 1147 2292 Sed
1168 2235 1207 2290 ut
1226 2218 1323 2291 scias

200 2342 237 2400 te
258 2326 346 2399 nihil
375 2324 614 2423 proprietatis
642 2327 678 2398 in
707 2324 777 2398 illis
797 2326 948 2406 habere,
966 2324 1079 2397 dandi
1099 2326 1193 2398 haec
1213 2324 1320 2397 alicui

200 2460 351 2508 omnem
380 2432 445 2506 tibi
474 2433 603 2507 ansero
630 2449 867 2531 potestatem.
925 2433 1077 2506 Gaudet
1105 2450 1256 2506 sanctus
1284 2450 1322 2507 et

200 2541 329 2614 iubilat
357 2566 447 2638 prae
475 2538 615 2614 laetitia
643 2540 776 2623 cordis,
809 2538 986 2635 quoniam
1015 2539 1127 2614 fidem
1156 2539 1322 2614 tenuisse

128 2685 171 2731 20
200 2648 374 2721 dominae
404 2647 613 2745 paupertati
647 2672 766 2743 usque
796 2647 831 2719 in
861 2645 974 2720 finem
1003 2672 1044 2721 se
1073 2645 1185 2720 videt.
1253 2648 1322 2720 Fe·

200 2771 302 2829 cerat
329 2754 429 2827 enim
458 2754 551 2827 haec
580 2754 706 2827 omnia
733 2755 964 2851 paupertatis
992 2752 1082 2839 zelo,
1107 2770 1147 2825 ut
1167 2779 1235 2826 nec
1255 2754 1322 2827 ha-

200 2863 317 2934 bitum
346 2861 497 2958 quidem
526 2859 717 2958 proprium
755 2861 791 2933 in
830 2860 903 2934 fine
932 2860 1045 2934 vellet
1072 2861 1222 2946 habere,
1254 2862 1321 2935 sed

200 2968 305 3066 quasi
343 2969 391 3042 ab
428 2966 546 3041 altero
575 2966 868 3040 commodatum.
942 2966 1200 3065 Cappellulam
1231 2993 1321 3041 vero

199 3074 385 3148 saccinam
422 3076 635 3170 porta[ba]t
662 3074 699 3146 in
728 3074 861 3172 capite,
893 3090 934 3147 ut
966 3073 1157 3148 cicatrices
1192 3091 1324 3148 conte-

127 3219 168 3285 25
198 3198 307 3280 geret
336 3206 404 3277 pro
432 3182 591 3255 sanitate
620 3182 813 3255 oculorum
842 3197 1046 3277 susceptas,
1070 3182 1128 3254 cui
1148 3182 1238 3254 satis
1259 3207 1322 3255 ne-

200 3290 402 3361 cessarium
430 3304 511 3361 erat
538 3287 677 3385 pileum
706 3287 869 3360 cuiusvis
896 3289 1084 3386 pretiosae
1112 3287 1219 3362 lanae
1240 3313 1323 3360 sua·

199 3397 313 3470 vitate
342 3394 584 3469 lenissimum.

284 3507 369 3574 216.
401 3503 521 3575 Levat
539 3519 625 3596 post
643 3501 737 3573 haec
755 3518 907 3574 sanctus
935 3501 1079 3599 palmas
1094 3503 1140 3573 ad
1162 3502 1318 3585 caelum,

199 3624 238 3682 et
258 3608 446 3681 Christum
471 3634 578 3680 suum
609 3608 835 3706 magnificat,
859 3608 960 3705 quod
990 3608 1063 3681 iam
1092 3624 1320 3680 exoneratus

127 3751 171 3819 30
200 3716 374 3789 omnibus
402 3715 495 3787 liber
521 3716 625 3788 vadit
652 3715 700 3787 ad
731 3708 904 3814 [ips]um.
962 3714 1102 3787 Verum
1132 3731 1171 3787 ut
1200 3731 1322 3787 osten·

200 3822 307 3896 deret
334 3849 374 3894 se
403 3821 476 3894 Dei
505 3821 561 3894 sui
591 3821 729 3895 Christi
757 3848 888 3895 verum
918 3821 1142 3894 imitatorem
1174 3822 1210 3893 in
1244 3847 1321 3894 om·
1418 3890 1421 3897 .

200 3929 319 4012 nibus,
343 3929 475 4001 fratres
503 3945 540 4002 et
568 3928 672 4011 filios.
704 3954 800 4026 quos
829 3928 1012 4001 dilexerat
1030 3954 1053 4002 a
1071 3927 1265 4025 principio,
1284 3929 1321 4001 in

200 4037 311 4109 finem
341 4035 472 4108 dilexit
499 4060 577 4112 eos.
643 4035 749 4108 Fecit
785 4036 885 4107 enim
915 4036 1047 4108 iratres
1075 4060 1208 4108 omnes
1236 4036 1324 4108 assi-

199 4158 343 4216 stentes
371 4141 510 4215 ibidem
538 4143 586 4215 ad
614 4167 655 4215 se
683 4141 820 4225 vocari,
852 4159 890 4215 et
918 4141 1043 4215 verbis
1066 4142 1324 4216 consolatoriis

272 4362 297 4416 8.
318 4360 338 4412 R
357 4360 412 4413 hoc
487 4376 527 4414 11.
546 4375 642 4415 votum
663 4361 761 4429 sancti]
783 4360 804 4413 R
824 4377 917 4413 veram
938 4377 1048 4415 causam
1126 4377 1164 4430 13.
1183 4364 1324 4435 Raccepit

200 4456 244 4507 24.
265 4443 291 4494 A
311 4439 427 4511 portavit
501 4456 540 4509 30.
562 4443 585 4494 A
606 4440 748 4494 Christum
