3142 4875
254 341 329 431 318
632 363 802 412 Leonum
832 364 999 413 secunus

249 600 393 674 dierum
422 599 664 673 devotissime
693 599 893 673 ieiunabat.
950 599 1113 672 Dicebat
1139 600 1256 673 enim:
1280 598 1373 692 Qui·

248 708 338 779 libet
366 733 435 805 pro
462 706 554 780 tanti
591 706 734 779 honore
764 705 940 804 principis
971 706 1112 803 aliquid
1149 705 1279 790 laudis,
1310 706 1372 778 vel

250 815 413 887 muneris
441 812 613 912 specialis
641 813 727 885 Deo
755 813 911 886 deberet
938 813 1082 886 offerre.

673 973 939 981 m---„————

251 1073 325 1185 [De
343 1081 527 1152 devotione
540 1080 620 1151 eius
633 1080 687 1150 ad
698 1080 904 1151 Dominam
919 1090 1095 1161 nostram,
1112 1079 1177 1150 cui
1187 1079 1372 1150 commisit
1447 1159 1452 1169 ¹

515 1186 725 1281 specialiter
754 1177 963 1293 Ordinem}
1022 1186 1098 1258 CL.
1401 1213 1422 1280 5

334 1374 417 1462 198.
436 1372 596 1444 Matrem
608 1371 690 1444 lesu
706 1370 882 1443 indicibili
899 1369 1217 1466 complectebatur
1227 1396 1366 1456 amore,

248 1478 413 1574 eoquod
435 1479 640 1551 Dominum
661 1477 864 1550 maiestatis
889 1478 1037 1550 fratrem
1060 1478 1167 1550 nobis
1190 1478 1365 1550 effecerit.

248 1585 458 1657 Peculiares
487 1584 534 1657 illi
571 1585 809 1682 persolvebat
845 1585 987 1678 laudes
1017 1584 1196 1657 fundebat
1224 1610 1365 1680 preces,

248 1691 427 1764 offerebat
455 1692 619 1774 aflectus,
652 1709 743 1788 quot
771 1706 810 1763 et
834 1691 992 1787 qualiter
1011 1690 1175 1763 bumana
1194 1716 1367 1788 promere

248 1799 375 1896 lingua
410 1823 483 1870 non
512 1814 650 1895 posset.
710 1799 785 1870 Sed
820 1795 921 1895 quod
950 1796 1125 1870 laetificat
1154 1796 1365 1894 plurimum,
1404 1827 1447 1875 10

248 1904 401 1977 Ordinis
420 1906 640 1978 advocatam
658 1905 776 2001 ipsam
793 1903 993 1988 constituit,
1015 1905 1167 2000 suisque
1187 1905 1254 1976 alis
1273 1930 1369 2001 quos

248 2011 440 2084 relicturus
468 2028 548 2084 erat
577 2013 671 2084 filios
701 2037 817 2107 usque
839 2013 874 2084 in
895 2011 1006 2083 finem
1028 2011 1210 2084 fovendos
1229 2029 1267 2083 et
1286 2037 1369 2108 pro·

247 2120 433 2216 tegendos
460 2119 640 2191 submisit.
700 2118 778 2198 Eia,
811 2143 1017 2215 pauperum
1038 2118 1231 2201 advocata,
1255 2117 1367 2215 imple

247 2226 281 2296 in
300 2227 406 2298 nobis
422 2224 565 2297 tutricis
580 2225 742 2298 officium
765 2251 883 2322 usque
902 2225 951 2297 ad
965 2224 1202 2321 praefinitum
1219 2242 1368 2323 tempus

246 2358 268 2403 a
297 2351 413 2429 patre.
1388 2355 1443 2428 ·15

275 2565 349 2678 [De
376 2573 558 2644 devotione
576 2575 630 2644 ad
653 2574 907 2644 Nativitatem
926 2574 1092 2645 Domini
1107 2582 1141 2644 et
1167 2575 1340 2669 quomodo

379 2679 516 2751 volebat
544 2690 631 2751 tunc
658 2680 828 2751 omm'bus
855 2672 1077 2786 subveniri}
1137 2680 1230 2752 CLl.

332 2890 413 2957 199.
445 2865 687 2938 Nativitatem
718 2867 821 2961 pueri
852 2867 934 2938 lesu
964 2891 1053 2963 prae
1087 2864 1167 2938 aliis
1195 2867 1368 2939 solemni·

246 2971 382 3045 tatibus
411 2971 584 3044 ineffabili
614 2971 805 3045 alacritate
834 2973 991 3055 colebat,
1024 2973 1158 3045 festum
1187 2974 1367 3046 festorum
1413 2962 1417 2971 ¹

245 3105 427 3164 asserens,
458 3103 534 3175 quo
562 3079 668 3151 Deus
696 3079 815 3151 infans
844 3081 1020 3176 parvulus
1039 3080 1157 3151 factus
1183 3081 1230 3152 ad
1252 3081 1368 3154 ubera
1397 3119 1443 3167 20

246 3186 425 3282 pependit
453 3186 626 3258 bumana.
686 3186 908 3259 infantilium
939 3186 1083 3260 illorum
1114 3189 1366 3259 membrorum

247 3294 430 3389 imagines
460 3291 629 3364 famelica
657 3292 886 3387 cogitatione
915 3294 1114 3375 lambebat,
1147 3310 1184 3366 et
1204 3295 1368 3391 eliquata

247 3401 351 3496 pueri
381 3399 591 3496 compassio
620 3399 655 3471 in
686 3426 876 3473 corsuum
897 3400 1007 3473 etiam
1025 3401 1140 3472 verba
1160 3400 1367 3473 dulcedinis

247 3508 405 3579 iaciebat
434 3532 537 3578 more
581 3506 774 3578 infantium
805 3506 998 3579 balbutire.
1071 3499 1254 3612 [Eratque
1295 3507 1365 3580 sibi
1431 3600 1436 3608 Ι

247 3617 317 3685 hoc
347 3639 483 3686 nomen
512 3613 617 3709 quasi
647 3615 718 3684 mel
749 3629 786 3684 et
823 3614 927 3685 savus
965 3614 1001 3685 in
1032 3606 1124 3720 ore].
1193 3617 1287 3685 Cum
1317 3616 1365 3687 de
1395 3657 1440 3724 25
1552 3686 1556 3690 .

248 3747 319 3792 non
350 3719 592 3792 comedendis
622 3719 794 3792 carnibus
831 3718 978 3792 collatio
1017 3721 1132 3803 fieret,
1170 3721 1257 3815 quia
1286 3721 1366 3793 dies

245 3827 392 3899 veneris
421 3843 510 3907 erat,
535 3827 726 3922 respondit
747 3826 847 3899 fratri
874 3826 1019 3899 Morico
1041 3828 1189 3899 dicens:
1213 3829 1363 3927 Peccas,

245 3938 365 4017 frater,
389 3935 487 4006 diem
507 3933 655 4005 veneris
675 3959 814 4005 vocans
833 3959 908 4030 quo
929 3935 1025 4006 Puer
1045 3951 1225 4006 natusest
1246 3935 1365 4012 nobis.

245 4040 350 4123 Volo,
384 4041 512 4137 inquit,
544 4041 645 4137 quod
674 4041 786 4113 etiam
816 4040 978 4137 parietes
998 4041 1060 4114 tali
1084 4041 1144 4113 die
1165 4042 1366 4114 comedant

245 4174 384 4230 carnes,
417 4163 464 4231 et,
496 4148 526 4220 si
556 4173 630 4220 non
659 4164 826 4243 possunt,
858 4149 917 4220 vel
945 4148 993 4220 de
1022 4146 1111 4220 foris
1136 4147 1322 4220 liniantur.
1397 4193 1439 4259 30

317 4345 339 4395 3.
361 4330 380 4381 R
400 4328 550 4398 specialiter
643 4343 681 4380 ro.
704 4330 722 4381 l<
744 4328 828 4395 possit
921 4344 961 4398 19.
983 4327 1125 4396 festorum]
1155 4328 1187 4378 ll
1208 4342 1364 4381 sanctorum
1451 4376 1455 4384 .

246 4423 340 4474 24-25.
361 4411 384 4460 ,l
405 4426 453 4460 om.
473 4408 589 4478 Eratque
603 4425 675 4460 -ore
750 4423 845 4475 25-30.
869 4408 895 4460 ll
914 4425 962 4461 om.
982 4406 1247 4468 Cum-liniantur,
