3142 4875
606 350 712 399 BEATI
741 350 926 399 FRANCISCI
1255 350 1299 417 19
1305 350 1325 418 3

1064 460 1328 468 ψ.-

205 585 363 681 contigit
391 609 477 657 eum
506 584 637 658 itinere
666 585 862 683 fatigatum
893 601 930 658 et
955 582 1093 658 lassum
1127 611 1329 682 parumper

204 690 350 763 asinum
379 691 557 787 equitare.
608 692 852 788 Subsequens
880 709 1004 765 autem
1035 692 1168 773 socius,
1191 691 1327 788 etipse

206 822 280 870 non
297 796 485 870 modicum
505 799 634 882 fessus,
654 798 778 895 coepit
798 798 923 871 dicere
944 798 1039 871 intra
1053 823 1104 883 se,
1123 799 1327 891 humanum

204 902 344 1000 aliquid
372 928 521 1001 passus:
554 906 639 977 Non
659 906 708 977 de
722 905 803 1001 pari
823 903 1001 977 ludebant
1023 921 1199 1001 parentes
1219 905 1329 977 huius

156 1030 171 1095 5
205 1025 243 1083 et
272 1011 356 1083 mei.
414 1011 471 1083 En
491 1027 617 1084 autem
638 1012 718 1109 ipse
738 1009 889 1108 equitat,
913 1027 950 1084 et
969 1035 1044 1109 ego
1064 1013 1239 1107 pedester
1258 1011 1326 1083 asi-

206 1142 295 1189 num
314 1118 394 1191 eius
414 1119 521 1190 duco.
569 1118 652 1191 Hoc
673 1116 735 1191 illo
754 1119 955 1215 cogitante,
974 1117 1143 1213 protinus
1158 1118 1205 1190 de
1220 1118 1327 1190 asino

205 1224 400 1297 descendit
418 1241 579 1308 sanctus,
611 1242 650 1297 et
678 1225 744 1297 ait:
775 1225 873 1307 Non,
895 1225 1018 1308 irater,
1041 1249 1115 1297 non
1140 1223 1324 1308 convenit,

204 1329 333 1426 inquit,
366 1347 406 1403 ut
435 1357 509 1429 ego
537 1332 712 1428 equitem,
744 1348 783 1402 tu
813 1332 942 1404 venias
978 1331 1106 1427 pedeS,
1145 1332 1231 1427 quia
1266 1355 1328 1403 no·

204 1437 312 1509 bilior
340 1454 377 1509 et
399 1439 588 1533 potentior
608 1439 644 1510 in
665 1436 816 1511 saeculo
842 1463 902 1510 me
922 1436 1032 1509 suisti.
1084 1436 1329 1537 [Ob]stupuit

131 1565 175 1611 10
205 1542 302 1616 illico
331 1544 452 1627 frater,
484 1561 522 1616 et
550 1545 685 1617 rubore
715 1544 875 1617 suffusus
903 1544 1178 1639 deprehensum
1200 1570 1241 1617 se
1269 1570 1328 1616 co·

204 1650 336 1747 gnovit
355 1676 378 1723 a
397 1667 537 1723 sancto.
596 1651 759 1724 Procidit
786 1650 834 1724 ad
862 1653 979 1746 pedes
998 1652 1087 1733 eius
1111 1668 1149 1723 et
1167 1650 1328 1723 lacrimis
1360 1738 1368 1752 .

204 1755 380 1854 irrigatus
409 1758 550 1830 nudum
579 1757 785 1855 cogitatum
815 1756 999 1854 exposuit,
1021 1755 1245 1852 veniamque
1264 1782 1328 1853 po·

203 1880 336 1960 poscit.

633 2043 899 2050 mm..—

261 2223 337 2321 [De
352 2226 485 2319 fratre
512 2234 754 2321 superquam
783 2224 972 2297 debbolum
1001 2226 1122 2308 vz‘dit,·
1147 2234 1273 2297 conlrct

133 2364 173 2431 15
469 2341 664 2413 recedentes
691 2341 737 2412 ab
766 2341 941 2440 unitate}
1000 2340 1061 2412 Vl.

288 2577 348 2647 3²·
379 2552 487 2627 Alius
515 2572 595 2627 erat
623 2554 735 2628 frater
763 2556 862 2644 lama
891 2580 1017 2628 coram
1038 2554 1250 2628 hominibus
1271 2582 1327 2628 ce·

205 2657 318 2744 leber,
349 2661 471 2758 gratia
491 2661 673 2733 celebrior
691 2677 778 2734 ante
798 2662 934 2734 Deum.
994 2661 1111 2734 Cuius
1129 2663 1328 2735 virtutibus

206 2765 376 2839 invidens
403 2766 463 2840 ille
492 2769 612 2841 omnis
641 2767 802 2841 invidiae
830 2784 948 2864 pater,
969 2768 1112 2866 cogitat
1135 2769 1327 2842 succidere

205 2873 378 2946 arborem
393 2873 465 2947 iam
482 2874 604 2946 caelos
631 2891 862 2972 tangentem,
884 2891 922 2947 et
949 2876 996 2947 de
1025 2875 1197 2947 manibus
1225 2902 1328 2948 coro·

131 3004 177 3051 20
206 3004 291 3052 nam
312 2980 536 3078 praeripere.
595 2981 744 3067 Circuit,
767 2980 912 3067 evertit,
934 2982 1085 3054 discutit
1117 2998 1155 3054 et
1173 2983 1328 3055 ventilat

205 3111 303 3183 quae
332 3103 419 3164 sunt
452 3087 542 3171 eiuS,
574 3089 604 3161 si
633 3089 825 3185 quomodo
861 3104 989 3186 aptum
1027 3104 1145 3186 ponat
1180 3089 1327 3162 obicem

206 3193 317 3265 fratri.
376 3194 517 3290 ingerit
545 3220 639 3292 ergo
667 3195 736 3267 sub
764 3195 891 3292 specie
920 3194 1070 3267 maioris
1088 3195 1328 3291 perfectionis

205 3299 482 3398 segregationis
510 3302 695 3386 affectum,
727 3318 767 3373 ut
794 3302 948 3375 tandem
978 3302 1121 3375 irruens
1140 3328 1252 3398 super
1272 3327 1328 3375 so-

205 3407 281 3479 lum
311 3406 418 3480 citius
447 3407 582 3481 cadere
610 3409 729 3492 iaciat,
761 3423 903 3481 etcum
936 3410 1038 3481 solus
1057 3408 1234 3482 ceciderit
1254 3434 1328 3482 non
1360 3465 1362 3468 ·

133 3535 175 3602 25
206 3513 343 3587 habeat
361 3513 630 3588 sublevantem.
681 3515 783 3609 Quid
804 3514 944 3587 multa?
986 3514 1144 3612 Separat
1159 3541 1199 3587 se
1218 3541 1241 3588 a
1260 3517 1328 3588 lra-

206 3635 303 3692 trum
332 3620 524 3718 religione,
555 3622 697 3694 vadens
726 3647 794 3718 per
822 3621 1001 3694 mundum
1039 3621 1261 3719 peregrinus
1289 3637 1328 3694 et

207 3726 354 3823 hospes.
412 3728 473 3800 De
506 3728 632 3800 tunica
660 3728 809 3801 habitus
845 3727 931 3800 lecit
968 3727 1131 3800 tunicam
1159 3754 1324 3824 parvam,

207 3833 330 3906 ferens
357 3832 547 3931 caputium
575 3835 724 3907 tunicae
752 3860 828 3908 non
857 3850 1066 3919 consutum,
1104 3850 1142 3907 et
1179 3834 1232 3907 sic
1260 3860 1329 3932 per

206 3956 324 4014 terras
351 3939 430 4014 ibat
457 3940 493 4013 in
522 3942 695 4014 omnibus
714 3967 756 4014 se
779 3958 1036 4015 contemnens.
1094 3942 1250 4013 Factum
1270 3956 1328 4013 est

276 4164 300 4220 9.
320 4151 345 4204 A
365 4150 399 4204 Et
418 4150 520 4222 stupuit
593 4149 651 4206 =16.
671 4152 691 4206 R
712 4152 838 4204 omnibus
930 4167 970 4206 20.
993 4151 1012 4203 R
1032 4150 1131 4204 everrit
1185 4153 1215 4204 tt
1234 4169 1282 4204 om.
1302 4163 1330 4205 et

206 4230 314 4283 ventilat
388 4245 429 4283 21.
449 4229 736 4301 quomodo]unem
811 4246 852 4283 22.
869 4229 1072 4300 fratri]Rfacti
1147 4246 1189 4299 27.
1208 4233 1328 4302 habitus]

206 4308 284 4362 Rhic
299 4327 369 4364 unus
443 4311 484 4364 28.
503 4309 604 4380 fetens]
624 4312 658 4364 M
673 4324 699 4364 et
719 4310 821 4382 caligas
839 4322 866 4363 et
939 4311 1033 4382 28-29.
1048 4313 1328 4383 per-contemnens]

207 4389 235 4441 M
253 4391 431 4460 pertransibat
449 4391 491 4443 vel
512 4391 602 4462 potius
621 4390 759 4444 oberrabat

287 4598 317 4652 13
