3142 4875
637 341 742 389 BEATI
769 340 790 387 F
791 339 954 389 RnNCIscl

320 681 521 779 [Quomodo
550 683 731 754 unitatem
745 682 900 775 fovebat
927 684 968 754 in
985 681 1105 781 filiis,
1135 683 1178 754 o'o
1205 709 1279 778 quo

408 789 476 861 sub
499 790 683 885 enigmate
710 789 851 861 locutus
878 788 957 887 osl].
1017 787 1187 860 CXLIV.

321 1016 404 1082 191.
435 991 640 1064 Assiduum
669 1006 796 1064 votum
826 989 991 1090 vigilque
1021 991 1183 1064 studium
1209 1018 1359 1088 semper

236 1097 273 1169 in
301 1123 348 1169 eo
378 1098 444 1170 fuit
472 1098 659 1170 custodire
688 1099 784 1171 inter
813 1098 906 1171 filios
926 1097 1111 1171 vinculum
1133 1098 1294 1182 unitatis,
1319 1116 1358 1171 ut

186 1236 202 1300 5
236 1230 330 1301 quos
350 1206 447 1277 idem
470 1205 620 1301 spiritus
640 1220 814 1286 traxerat,
837 1205 1013 1302 idemque
1033 1221 1217 1303 genuerat
1238 1222 1353 1302 pater,

237 1313 344 1384 unius
360 1310 486 1384 matris
502 1312 650 1409 gremio
663 1313 816 1408 pacifice
832 1313 1055 1385 foverentur.
1087 1311 1192 1385 Uniri
1207 1314 1358 1385 volebat

236 1419 396 1491 maiores
411 1418 624 1504 minoribus,
637 1444 820 1516 germano
835 1420 968 1492 affectu
980 1420 1156 1519 coniungi
1169 1420 1358 1516 sapientes

235 1524 473 1621 simplicibus,
495 1525 722 1622 longinquos
740 1526 955 1623 longinquis
983 1525 1120 1599 amoris
1138 1526 1284 1624 glutino
1300 1553 1359 1599 co-

235 1631 365 1728 pulari.
422 1632 606 1704 Moralem
626 1631 842 1729 parabolam
863 1634 978 1706 semel
998 1633 1202 1730 proposuit,
1226 1634 1356 1705 instru-

170 1768 208 1814 ιο
236 1739 397 1811 ctionem
428 1764 501 1812 non
532 1739 715 1813 modicam
755 1738 1027 1812 continentem:
1059 1741 1168 1825 Ecce,
1201 1741 1262 1824 ait,
1294 1740 1358 1812 fiat

236 1846 402 1918 omnium
431 1846 690 1943 religiosorum
721 1845 840 1941 quiin
870 1846 1028 1920 ecclesia
1057 1862 1143 1919 sunt
1162 1872 1277 1919 unum
1298 1873 1355 1919 ca-

236 1953 392 2048 pitulum
421 1951 610 2050 generale.
669 1952 857 2046 Quoniam
893 1952 1006 2050 igitur
1039 1955 1175 2026 adsunt
1208 1952 1356 2026 litterati

236 2075 274 2132 et
294 2059 356 2155 qui
377 2058 456 2133 sine
476 2058 607 2132 litteris
635 2076 730 2140 sunt,
753 2060 915 2133 scientes
944 2075 982 2132 et
1010 2061 1072 2156 qui
1102 2059 1182 2133 sine
1202 2061 1356 2132 scientia

235 2166 322 2238 Deo
342 2165 490 2263 placere
509 2167 640 2249 sciunt,
664 2167 724 2238 uni
746 2167 956 2263 sapientum
978 2166 1116 2264 unique
1135 2167 1356 2263 simplicium

169 2302 205 2368 15
236 2299 361 2346 sermo
381 2273 563 2346 indicitur.
622 2271 818 2346 Deliberat
836 2272 996 2370 sapiens
1017 2300 1102 2347 nam
1118 2274 1267 2371 sapiens
1287 2292 1353 2354 est.

237 2397 275 2453 et
294 2379 435 2480 cogitat
454 2379 550 2467 intra
570 2406 628 2454 se:
662 2406 735 2454 non
755 2397 813 2453 est
832 2380 891 2453 hic
911 2381 1157 2454 ostentandae
1178 2381 1356 2454 scientiae

236 2489 350 2571 locus,
369 2489 430 2561 ubi
451 2506 536 2561 sunt
552 2487 705 2585 perfecti
727 2488 890 2571 scientia,
915 2514 983 2561 nec
1004 2514 1062 2560 me
1083 2490 1179 2560 inter
1198 2488 1357 2560 subtilis-

236 2595 350 2668 simos
374 2595 560 2668 dicentem
580 2593 728 2667 subtilia
748 2595 905 2668 reddere
925 2596 1035 2668 decet
1061 2593 1274 2668 curiositate
1296 2622 1357 2667 no-

237 2701 398 2774 tabilem.
456 2701 680 2798 Simpliciter
704 2700 804 2797 loqui
838 2692 991 2775 forsitan
1021 2703 1244 2775 fructuosius
1274 2704 1354 2775 erit.

167 2839 209 2886 20
237 2808 365 2880 lllucet
385 2826 522 2882 statuta
542 2810 631 2893 dies,
656 2826 937 2906 congregantur
956 2809 992 2881 in
1014 2835 1126 2880 unum
1149 2835 1357 2907 congrega-

237 2914 358 2988 tiones
373 2931 595 2999 sanctorum‚
610 2914 738 2988 sitiunt
757 2916 886 2989 audire
910 2942 1133 2988 sermonem.
1183 2916 1356 2989 Procedit

237 3022 386 3118 sapiens
415 3048 524 3095 sacco
552 3024 708 3095 vestitus
736 3039 772 3094 et
802 3023 927 3095 cinere
946 3024 1147 3121 adspersus
1176 3041 1296 3119 caput,
1321 3041 1358 3094 et

238 3130 457 3202 mirantibus
486 3129 638 3209 cunctis,
671 3130 768 3202 facto
797 3131 880 3226 plus
899 3132 1131 3226 praedicans,
1161 3130 1356 3203 abbreviat

237 3237 369 3309 verba:
401 3237 567 3335 [Magna
591 3236 719 3332 inquit,
742 3237 990 3331 promisimus,
1010 3237 1149 3309 maiora
1174 3237 1356 3332 promissa

167 3372 208 3439 25
238 3360 333 3425 sunt,
361 3369 552 3415 servemus
572 3342 675 3425 haec,
703 3343 932 3439 suspiremus
951 3345 999 3415 ad
1023 3343 1114 3441 illa].
1173 3342 1356 3440 Voluptas

237 3450 370 3533 brevis,
393 3474 516 3547 poena
532 3465 722 3546 perpetua.
741 3451 888 3522 modica
908 3450 1042 3545 passio,
1061 3450 1181 3548 gloria
1201 3449 1353 3521 infinita.

238 3556 440 3629 Multorum
471 3557 626 3637 vocatio
659 3582 861 3653 paucorum
884 3556 1027 3641 electi0,
1060 3557 1226 3628 omnium
1255 3559 1355 3627 retri-

237 3664 352 3735 butio.
411 3663 622 3759 Erumpunt
644 3663 680 3735 in
701 3662 872 3736 lacrimas
890 3664 1101 3736 auditorum
1122 3665 1236 3736 corda
1255 3689 1357 3735 com-

237 3788 385 3865 puncta.
415 3796 579 3867 vereque
607 3770 815 3866 sapientem
848 3789 1073 3843 venerantur
1101 3785 1141 3841 ut
1173 3785 1353 3842 sanctum.

168 3907 209 3973 30
237 3877 437 3961 Haeccine,
459 3877 512 3951 ait
532 3876 689 3971 simplex
708 3877 744 3949 in
766 3878 880 3949 corde
901 3903 980 3962 su0‚
1003 3891 1121 3948 totum
1143 3876 1232 3948 mibi
1253 3903 1357 3973 prae-

238 3985 349 4079 ripuit
363 3982 513 4081 sapiens
532 3982 712 4080 quidquid
734 3985 857 4056 facere
876 3985 936 4056 vel
957 3982 1081 4055 dicere
1101 3984 1223 4055 statui.
1282 3985 1357 4055 Sed

238 4091 322 4163 novi
344 4090 433 4187 quid
454 4091 597 4163 faciam.
655 4091 741 4163 Scio
761 4091 1095 4187 quosdamversus
1115 4091 1162 4162 de
1181 4091 1354 4186 psalmis;

312 4334 350 4388 13.
372 4317 405 4369 M
421 4335 469 4370 om.
489 4317 610 4370 litteris·
627 4320 684 4370 sine
751 4332 846 4384 24-25.
860 4320 883 4371 A
901 4335 949 4369 otri.
966 4317 1064 4388 llagna
1076 4348 1091 4358 -
1103 4319 1151 4370 ista
1219 4334 1258 4387 30.
1273 4320 1360 4371 Haer-

237 4398 309 4469 cine]
330 4399 350 4451 R
370 4398 487 4451 Aeterue
