3142 4875
607 313 713 363 narrt
741 313 927 364 annuoscr
1253 311 1326 381 399

209 546 378 619 turbatus
406 545 524 643 inquit
552 547 599 619 ad
630 547 825 619 feminam:
857 547 993 619 Nonne
1021 545 1086 619 tibi
1115 546 1209 618 dixi:
1242 546 1328 642 quia

210 677 284 726 non
312 654 496 751 gaudebis
525 655 573 727 de
601 653 685 738 filio,
728 653 795 725 nisi
830 679 954 726 meum
992 654 1061 726 sibi
1100 679 1236 726 nomen
1265 653 1329 726 im-

209 760 349 857 ponas?
405 761 459 832 At
486 758 546 833 illa
575 761 736 833 clamare
757 759 882 857 coepit
900 777 938 832 et
956 759 1078 833 iurare
1098 760 1237 832 nullum
1259 760 1326 833 sibi

208 866 308 940 aliud
337 866 592 964 imposituram
636 892 784 940 nomen.
841 866 1014 940 Tandem
1045 884 1082 940 et
1109 883 1262 940 sanatus
1291 883 1329 941 et

161 1000 177 1066 5
208 973 415 1071 baptizatus
435 1000 538 1070 puer,
561 973 748 1047 Francisci
780 975 847 1047 fuit
868 974 1017 1048 nomine
1037 976 1245 1059 decoratus,
1269 974 1327 1047 cui

207 1083 295 1154 data
324 1098 382 1155 est
410 1082 530 1178 gratia
560 1107 605 1154 ne
635 1081 809 1178 ploraret,
832 1080 899 1154 sed
928 1081 1145 1155 innocenter
1173 1082 1329 1179 puerilia

208 1190 288 1261 iura
316 1188 499 1262 transiret.

295 1299 377 1366 106.
423 1293 558 1367 Mulier
595 1295 779 1389 quaedam
822 1295 858 1366 in
901 1293 1048 1379 Tuscia,
1080 1285 1138 1368 de
1161 1296 1329 1392 partibus

207 1401 383 1487 Aretinis,
408 1427 491 1474 cum
512 1425 579 1497 per
598 1409 742 1499 septem
770 1402 851 1474 dies
875 1417 1002 1498 partus
1031 1402 1243 1476 discrimina
1272 1430 1329 1475 su·

144 1534 180 1580 ro
208 1507 373 1592 stineret,
405 1524 442 1581 et
471 1507 543 1581 iam
573 1509 609 1581 in
640 1509 874 1606 nigredinem
903 1534 1012 1582 versa
1036 1509 1140 1595 soret,
1171 1511 1219 1582 ab
1251 1535 1327 1583 om-

209 1615 317 1687 nibus
358 1616 566 1713 desperata,
600 1631 727 1688 votum
757 1614 843 1688 fecit
879 1631 1009 1688 sancto
1050 1616 1251 1689 Francisco
1290 1634 1328 1689 et

209 1723 288 1795 eius
308 1721 432 1818 coepit
447 1722 610 1795 moriens
622 1722 798 1795 auxilium
816 1722 1000 1796 invocare.
1059 1723 1159 1795 Voto
1179 1726 1326 1808 emissO,

209 1827 379 1902 celeriter
406 1827 642 1902 obdormivit.
699 1828 961 1927 Apparuitque
983 1827 1015 1902 ei
1045 1845 1195 1902 sanctus
1215 1831 1327 1902 Fran-

210 1936 330 2008 ciscus
359 1955 397 2008 et
424 1960 507 2008 eam
537 1961 605 2008 suo
626 1936 777 2009 nomine
796 1935 1013 2009 Adelasiam
1034 1962 1184 2020 vocans,
1206 1955 1327 2009 utrum

144 2070 151 2111 ι
161 2069 176 2133 5
210 2068 314 2115 suam
344 2058 549 2140 cognoscat
579 2043 721 2130 faciem,
743 2043 951 2118 sciscitatur
978 2043 1025 2116 ab
1054 2068 1112 2121 ea.
1169 2043 1255 2137 Qua
1276 2070 1328 2117 re·
1463 2113 1466 2120 ,

210 2149 437 2246 spondente:
470 2149 570 2223 Vere
598 2175 673 2248 ego
702 2166 749 2233 te,
781 2166 896 2246 pater,
926 2175 1113 2248 agnosco;
1136 2152 1329 2224 subintulit
1438 2225 1441 2232 ,

210 2273 379 2329 sanctus:
415 2256 497 2329 Scis
529 2257 673 2329 dicere:
711 2258 822 2330 Salve
859 2259 992 2353 regina
1029 2258 1327 2331 mzoerz'curdiae?

210 2363 497 2461 Respondente:
523 2363 620 2448 Scio,
642 2379 765 2461 pater;
798 2363 934 2462 Incipe,
956 2363 1008 2437 ait
1031 2381 1191 2450 sanctus,
1210 2381 1248 2439 et
1266 2391 1328 2439 an·

209 2486 360 2567 tequam
390 2471 588 2569 compleas,
620 2472 743 2568 paries
772 2497 857 2544 cum
876 2472 1006 2544 salute.
1065 2472 1170 2544 Haec
1199 2473 1328 2547 dicens

138 2603 180 2649 20
209 2595 360 2651 sanctus
388 2603 480 2650 voce
519 2603 657 2675 magna
695 2577 878 2662 clamavit,
921 2578 1116 2652 clamando
1144 2580 1325 2653 discessit.

133 2730 135 2734 ν
208 2685 270 2757 Ad
287 2710 399 2781 quam
420 2710 551 2757 vocem
571 2673 725 2783 evigilat
745 2685 876 2758 mulier
894 2702 932 2758 et
952 2712 1034 2758 curn
1051 2685 1184 2760 timore
1205 2688 1329 2785 coepit

209 2792 352 2865 dicere
377 2792 488 2864 Salve
503 2794 645 2888 regam.
675 2792 848 2889 Cumque
868 2792 950 2867 illos
969 2793 1229 2866 misericordes
1244 2820 1327 2867 ocu-

208 2899 264 2971 los
292 2915 517 2995 precaretur,
549 2898 683 2983 statim,
716 2901 876 2972 necdum
906 2899 1100 2996 completa,
1133 2901 1327 2999 pulchrum

209 3006 388 3079 infantem
417 3006 563 3103 peperit
591 3032 674 3079 cum
703 3006 844 3105 gaudio
873 3023 910 3078 et
937 3005 1066 3079 salute.

136 3137 177 3204 25
294 3134 376 3203 107.
409 3113 449 3184 ln
477 3111 602 3186 Sicilia
631 3112 762 3186 mulier
781 3115 966 3209 quaedam
986 3139 1070 3186 cum
1095 3115 1193 3188 beati
1215 3116 1327 3187 Fran-

209 3219 293 3292 cisci
323 3220 423 3291 diem
452 3219 656 3292 solemnem
692 3221 824 3293 adesse
867 3237 1123 3318 cognosceret,
1154 3248 1176 3295 a
1205 3222 1326 3294 servili

208 3350 324 3422 opere
349 3326 538 3400 abstinere
567 3352 640 3398 non
662 3352 805 3410 curanS,
834 3353 959 3401 coram
980 3354 1020 3400 se
1039 3353 1105 3400 vas
1133 3329 1326 3425 pistorium

208 3434 456 3529 praeparavit.
514 3434 553 3506 ln
584 3459 659 3529 quo
688 3459 772 3506 cum
802 3435 956 3507 farinam
986 3452 1144 3531 poneret
1177 3453 1214 3507 et
1242 3461 1325 3508 eam

209 3538 366 3612 exsertis
392 3539 554 3613 brachiis
574 3558 821 3624 coacervaret,
844 3567 933 3615 mox
950 3532 1098 3647 [farina]
1126 3567 1328 3638 conspersa

136 3669 179 3735 30
208 3672 339 3718 cruore
367 3648 585 3745 comparuit.
643 3646 778 3720 Mulier
798 3648 868 3721 hoe
889 3650 1036 3744 stupida
1052 3674 1219 3733 cernens,
1242 3674 1327 3721 con·

207 3753 346 3826 vicinas
375 3754 536 3827 clamare
566 3753 702 3851 coepit.
759 3755 868 3850 Quae
906 3772 1046 3852 quanto
1085 3754 1205 3853 magis
1242 3756 1326 3828 illuc

207 3861 253 3933 ad
283 3860 536 3958 spectaculum
575 3861 775 3946 confluunt,
806 3888 854 3935 eo
883 3862 917 3934 in
949 3888 1071 3936 massa
1100 3861 1180 3960 ipsa
1208 3888 1327 3935 venae

207 3966 401 4065 sanguinis
437 3968 520 4064 plus
556 3985 785 4042 accrescunt.
845 3970 1015 4042 Poenitet
1058 3968 1248 4043 mulierem
1280 3970 1328 4041 f·

207 4075 302 4147 cisse
331 4076 433 4172 quod
462 4075 610 4160 lecerat,
640 4092 679 4149 et
707 4091 837 4148 votum
867 4093 978 4149 vovet
998 4093 1038 4150 ut
1067 4077 1103 4149 in
1134 4078 1228 4151 sesto
1248 4076 1328 4150 eius

2 3388 23 3439 ,ῑ

279 4343 320 4398 26.
340 4346 370 4398 ,tl
388 4345 482 4399 adesse
501 4345 667 4416 conspiceret
686 4345 729 4399 vel
749 4358 929 4415 cognosceret
967 4348 1014 4401 Fr
1031 4365 1080 4400 om.
1100 4345 1269 4417 conspiceret
1281 4347 1325 4399 vel

206 4437 248 4496 29.
269 4425 394 4495 exsertis]
413 4425 461 4478 ΡΑ
480 4424 598 4479 extensis
649 4426 680 4479 M
697 4442 745 4479 om.
765 4423 854 4477 farina
