3142 4875
256 368 328 419 212
630 371 801 420 LEGENDA
829 370 995 420 SECUNDA

251 604 327 678 Sed
358 620 397 677 ut
423 602 564 700 liquido
592 603 730 677 clareat
757 603 841 700 quis
870 629 999 677 servus
1018 603 1127 677 suerit
1154 601 1215 677 ille
1233 601 1365 685 fidelis,

250 737 318 808 pro
335 710 439 785 cuius
457 735 585 785 amore
604 709 878 785 animadversio
898 709 1022 783 divina
1041 736 1192 784 manum
1215 735 1367 807 suspen·

250 818 346 892 derit
373 844 396 891 a
415 818 588 902 vindicta,
610 818 743 890 beatus
769 833 876 915 pater
903 816 1134 902 Franciscus‚
1157 833 1244 915 post
1272 842 1367 889 mor·

251 942 327 998 tem
355 950 460 998 suam
488 923 617 1022 paucis
645 923 781 1020 elapsis
810 924 951 1008 diebus,
983 923 1117 1023 srat[ri]
1151 924 1209 996 cui
1238 924 1367 996 vivens

252 1035 411 1106 suturam
440 1031 677 1129 praedixerat
696 1031 850 1115 cladem,
874 1056 915 1105 se
939 1030 1039 1104 illurn
1059 1032 1138 1104 fore
1158 1030 1231 1104 Dei
1255 1032 1369 1103 lamu-
1400 1059 1416 1123 5

252 1140 327 1212 lum
366 1139 561 1212 manifeste
593 1138 746 1210 detexit.
817 1138 915 1212 Nam
950 1155 1060 1212 nocte
1092 1138 1255 1234 quadarn
1283 1163 1368 1210 curn

253 1249 365 1319 irater
391 1244 451 1318 ille
479 1245 667 1327 dormiret,
690 1244 790 1319 clara
817 1259 903 1317 eum
922 1270 1016 1317 voce
1043 1245 1190 1319 vocavit
1219 1244 1365 1317 dicens:

254 1354 396 1436 Frater,
418 1351 491 1426 iam
519 1351 621 1423 venit
649 1352 766 1424 fames
794 1376 918 1448 quarn,
939 1352 1061 1425 donec
1087 1352 1253 1425 viverem
1281 1375 1367 1449 eg0,

253 1458 380 1532 venire
409 1475 684 1556 superterram
713 1458 900 1531 Dominus
929 1484 1002 1532 non
1031 1457 1209 1555 permisit.
1258 1457 1370 1530 Exci-

255 1581 352 1638 tatus
381 1566 493 1638 stater
510 1565 559 1638 ad
578 1590 721 1651 vocem,
744 1564 867 1638 retulit
891 1565 1131 1663 postmodum
1152 1580 1285 1638 cuncta
1303 1589 1371 1661 per
1402 1591 1442 1640 10

254 1672 433 1745 ordinem.
490 1671 619 1744 Tertia
651 1697 742 1745 vero
779 1688 890 1746 nocte
918 1673 1124 1769 posthaec
1153 1670 1287 1744 iterum
1322 1669 1370 1743 illi

255 1795 404 1852 sanctus
432 1779 604 1875 apparuit
631 1794 669 1852 et
696 1780 812 1851 verba
839 1777 973 1851 similia
1000 1778 1202 1876 replicavit.

255 1964 436 2029 necessitas
483 1961 528 2028 Ut
552 1980 657 2028 autem
691 1961 813 2048 liquido
846 1961 976 2028 clareret
1004 1960 1133 2028 beatum
1161 1961 1369 2028 Franciscum

255 2050 350 2118 luisse
374 2073 503 2118 servum
525 2051 616 2118 illum
640 2047 781 2130 fidelem,
799 2072 856 2137 pto
884 2050 973 2117 cuius
1000 2071 1110 2116 amore
1134 2050 1370 2116 animadversio

256 2141 364 2208 divina
387 2163 520 2207 manum
540 2137 747 2227 suspenderat
770 2163 787 2204 a
808 2138 980 2217 vindictas
972 2163 1040 2226 rpse
1057 2138 1166 2207 beatus
1186 2157 1284 2226 pater,
1301 2159 1373 2226 post
1406 2161 1442 2227 15

258 2249 395 2297 mortem
416 2252 509 2297 suam
530 2230 638 2317 paucis
657 2228 771 2330 elapsis
790 2226 912 2308 diebus,
932 2192 1017 2295 fiatri
1030 2228 1081 2294 cui
1101 2228 1214 2294 vivens
1233 2227 1372 2295 fututam

258 2319 454 2406 praedixerat
479 2318 600 2385 cladem
625 2319 778 2404 apparuit,
802 2336 834 2385 et
852 2341 885 2384 se
909 2317 999 2385 illum
1023 2316 1091 2384 iore
1116 2318 1249 2383 Domini
1270 2316 1373 2383 lamu-

259 2409 325 2475 lum
350 2407 517 2476 manifeste
538 2407 667 2475 detexit.
714 2407 801 2476 Nam
826 2425 920 2477 nocte
944 2405 1083 2495 quadam
1107 2430 1179 2474 cum
1205 2405 1299 2474 frater
1322 2405 1374 2473 ille

259 2498 422 2579 dormiret,
447 2498 527 2564 clara
551 2521 625 2565 eum
646 2519 727 2564 voce
751 2499 880 2564 vocavit
899 2496 1021 2563 dicens:
1047 2498 1198 2578 Frater,
1190 2519 1255 2563 ram
1284 2498 1373 2564 venit

259 2586 359 2654 fames
371 2609 479 2675 quam,
489 2586 635 2653 donec'
606 2609 747 2653 viverem
763 2610 837 2673 ego,
851 2588 959 2653 venire
973 2608 1067 2674 supet
1080 2605 1195 2653 terram
1207 2587 1373 2653 Dominus
1404 2607 1446 2654 20

259 2699 325 2742 non
343 2679 494 2763 permisit
543 2675 704 2743 Excitatus
720 2675 815 2742 frater
836 2674 876 2742 ad
895 2698 1023 2756 vocem,
1039 2676 1145 2743 retulit
1164 2674 1373 2778 postmodum

259 2789 314 2847 per
333 2764 479 2832 ordinem
499 2765 654 2832 universa.
701 2765 813 2832 Tertia
836 2787 913 2831 vero
937 2784 1033 2832 nocte
1057 2782 1129 2853 post
1153 2763 1264 2832 haec
1257 2783 1373 2831 iterum

259 2854 300 2920 illi
325 2873 451 2921 sanctus
477 2856 617 2943 apparuit
641 2874 672 2921 et
696 2853 793 2920 verba
815 2853 930 2920 similia
956 2853 1127 2942 replicavit.

263 3208 338 3300 [De
364 3206 535 3277 claritate
557 3205 681 3276 sancti
702 3214 737 3276 et
754 3204 975 3300 cgnorantia
1003 3208 1159 3299 nostra}
1231 3204 1371 3276 XXIV.

344 3436 402 3506 54.
434 3415 664 3488 Extraneum
685 3417 801 3488 videri
827 3415 963 3489 nemini
992 3417 1106 3490 debet
1134 3417 1163 3489 si
1193 3418 1376 3515 propheta
1407 3442 1445 3508 25

263 3522 377 3595 nostri
407 3523 585 3618 temporis
613 3523 749 3596 talibus
767 3522 971 3621 privilegiis
991 3523 1173 3606 enitebat;
1207 3524 1376 3597 nimirum

262 3647 491 3701 terrenarum
521 3629 681 3727 caligine
709 3656 832 3702 rerum
865 3629 1018 3711 solutus
1055 3630 1251 3726 carnisque
1280 3633 1378 3704 volu·

263 3737 355 3833 ptati
388 3736 493 3835 [non]
532 3736 712 3819 subditus,
744 3736 837 3810 liber
868 3736 1057 3834 volla]bat
1090 3735 1300 3811 intellectus
1328 3738 1377 3810 ad

262 3868 416 3926 summa,
439 3869 553 3939 putus
573 3843 853 3941 ingrediebatur
872 3844 908 3916 in
939 3844 1069 3916 lucem.
1127 3843 1188 3917 Sic
1209 3844 1300 3917 lucis
1319 3870 1378 3917 ae·

213 3969 216 3973 ’
264 3970 391 4022 ternae
420 3950 615 4023 irradiatus
644 3950 849 4047 fulgoribus
877 3975 899 4022 a
923 3950 1050 4023 Verbo
1078 3952 1250 4024 trahebat
1277 3951 1379 4049 quod
1410 3975 1450 4041 30

264 4058 461 4129 resonabat
481 4057 516 4129 in
537 4057 670 4131 verbis.
729 4058 827 4129 Heu!
850 4074 1030 4153 quantum
1051 4057 1162 4130 hodie
1182 4058 1379 4131 dissimiles

336 4282 361 4328 4.
382 4266 405 4317 A
426 4265 505 4318 irater
577 4266 692 4335 9-to.R
714 4266 847 4318 Excitatur
923 4268 1110 4337 roRpostea
1184 4269 1382 4339 24-8(p.213).

267 4346 296 4394 ll
311 4362 358 4395 orn.
377 4346 438 4414 Cup.
456 4346 550 4397 l'l'll'.
592 4348 687 4399 Titulus
706 4347 840 4399 vltsuntitur
858 4365 888 4400 ct
908 4347 1067 4399 Rubra-is.
1141 4350 1235 4417 27-28.
1249 4348 1381 4419 voluptati

267 4422 332 4491 non]
353 4426 376 4475 A
397 4423 578 4494 voluptatibus
651 4430 693 4479 28.
713 4429 736 4479 A
753 4425 863 4480 volebat
