3142 4875
632 332 805 381 LEGENDA
833 331 945 380 PRIMA

270 728 330 800 Do
339 729 617 823 praedicatione
634 753 725 799 onon
773 727 824 797 lii
839 735 873 798 ot
890 724 1178 797 annuntiatione
1187 725 1307 819 pooo's,

337 853 372 916 ol
384 870 453 915 sex
463 846 681 939 primorum
699 753 887 915 [goiim
905 841 1142 913 conversione.
1205 839 1253 911 X.

317 1079 334 1126 ε
343 1079 375 1147 3.
394 1054 541 1127 Exinde
558 1079 641 1126 cum
663 1079 803 1151 magno
822 1054 967 1126 fervore
987 1050 1138 1148 spiritus
1157 1067 1195 1125 et
1214 1051 1355 1150 gaudio

234 1161 368 1234 mentis
385 1161 508 1258 coepit
522 1162 695 1233 omnibus
709 1159 978 1257 poenitentiam
993 1159 1220 1255 praedicare,
1238 1159 1354 1231 verbo

233 1268 389 1364 simplici
405 1269 471 1341 sed
483 1269 596 1341 corde
611 1268 813 1365 magnifico
827 1266 1029 1341 aedificans
1044 1266 1250 1339 audientes,
1263 1265 1356 1338 Erat
1385 1289 1401 1354 5

234 1378 389 1448 verbum
410 1375 490 1447 eius
509 1374 610 1447 velut
626 1374 724 1472 ignis
743 1375 890 1458 ardens,
912 1392 1113 1469 penetrans
1130 1372 1259 1446 intima
1278 1398 1355 1445 cor-

234 1483 301 1564 dis,
324 1498 362 1554 et
381 1482 547 1554 omnium
567 1498 713 1554 mentes
731 1481 978 1554 admiratione
998 1480 1176 1576 replebat.
1233 1478 1355 1552 Totus

233 1587 328 1661 alter
345 1588 542 1661 videbatur
560 1613 673 1684 quam
699 1589 829 1673 fuerat,
852 1603 890 1660 et
909 1586 1052 1660 caelum
1083 1587 1231 1659 intuens
1253 1586 1356 1659 dedi-

234 1696 421 1791 gnabatur
448 1697 637 1792 respicere
663 1711 812 1767 terram.
835 1694 884 1767 Et
903 1694 1036 1766 mirum
1066 1710 1177 1777 certe,
1199 1693 1286 1789 quia
1305 1691 1354 1764 ibi

235 1800 358 1897 coepit
389 1794 588 1909 [primitus]
623 1801 851 1899 praedicare,
884 1801 956 1883 ubi,
988 1826 1073 1873 cum
1101 1800 1223 1873 adhuc
1256 1816 1355 1872 esset
1388 1823 1428 1867 10

235 1908 445 1991 infantulus,
463 1909 644 1982 didicerat
659 1909 797 2006 legere,
816 1908 851 1981 in
868 1932 943 2005 quo
958 1905 1070 1980 etiam
1085 1906 1168 1979 loco
1188 1908 1356 2002 sepultus

235 2030 292 2087 est
312 2015 515 2090 honorifice
543 2017 714 2113 primum,
746 2032 785 2087 ut
815 2015 901 2088 felix
930 2013 1073 2099 initium
1098 2012 1239 2087 felicior
1266 2038 1356 2085 con-

234 2123 434 2196 summatio
454 2124 745 2196 commendaret.
782 2121 855 2194 Ubi
885 2121 1014 2194 didicit
1032 2119 1081 2193 ibi
1102 2136 1139 2192 et
1158 2120 1295 2204 docuit,
1318 2137 1356 2192 et

236 2228 297 2301 ubi
326 2230 450 2326 coepit
470 2229 517 2302 ibi
539 2228 694 2303 feliciter
720 2228 1003 2303 consummavit.
1068 2227 1107 2299 ln
1129 2227 1231 2299 omni
1251 2252 1355 2323 prae-

235 2335 423 2408 dicatione
441 2362 518 2420 sua,
541 2331 761 2433 'priusquam
791 2334 1100 2407 convenientibus
1128 2350 1357 2430 proponeret
1387 2356 1424 2420 15

235 2443 390 2516 verbum
419 2443 503 2527 Dei,
535 2469 666 2539 pacem
696 2443 972 2540 imprecabatur
994 2442 1139 2514 dicens:
1169 2441 1356 2514 Dominus

236 2550 300 2623 det
317 2549 425 2623 vobis
452 2575 595 2646 pacem.
628 2550 737 2622 Hanc
764 2550 853 2622 viris
871 2566 911 2622 et
929 2547 1153 2629 mulieribus,
1177 2548 1273 2621 hanc
1293 2550 1356 2621 ob-

136 2652 137 2655 '
235 2655 304 2729 viis
319 2673 357 2729 et
371 2656 607 2730 obviantibus
621 2681 770 2754 semper
784 2653 1024 2728 devotissime
1041 2654 1244 2729 nuntiabat.
1267 2657 1357 2727 Pro·

236 2779 366 2860 pterea
386 2762 500 2846 multi,
533 2763 594 2860 qui
624 2788 755 2861 pacem
776 2762 934 2836 oderant
953 2763 1092 2859 pariter
1119 2778 1158 2835 et
1185 2762 1354 2843 salutem,

235 2870 402 2943 Domino
418 2888 654 2967 cooperante,
668 2896 800 2968 pacem
815 2869 1018 2967 amplexati
1034 2884 1121 2941 sunt
1134 2885 1214 2942 toto
1230 2868 1353 2954 corde,
1386 2898 1429 2946 20

236 2976 322 3050 facti
342 2995 380 3050 et
400 2977 469 3074 ipsi
489 2977 551 3050 filii
571 2978 673 3074 pacis
693 2993 731 3050 et
749 2975 885 3050 aemuli
906 2975 1034 3048 salutis
1054 2992 1240 3049 aeternae.

320 3108 379 3174 24.
397 3085 498 3158 Inter
512 3110 607 3181 quos
622 3084 773 3181 quidam
794 3085 842 3156 de
860 3080 1017 3166 Assisio‚
1036 3084 1137 3179 pium
1157 3108 1201 3156 ac
1217 3082 1358 3179 simpli-

237 3216 319 3264 cem
343 3190 510 3288 spiritum
530 3217 677 3289 gerens,
695 3190 815 3263 virum
835 3189 908 3263 Dei
929 3191 1064 3263 devote
1085 3190 1205 3286 primo
1225 3215 1357 3285 sequu-

236 3314 296 3370 tus
311 3314 379 3371 est.
419 3299 507 3371 Post
522 3299 620 3371 hunc
636 3299 749 3371 frater
763 3296 987 3381 BernarduS,
1005 3296 1108 3394 pacis
1128 3296 1355 3394 legationem

237 3404 477 3503 amplectens,
491 3406 539 3478 ad
551 3406 959 3502 mercandumregnum
976 3402 1163 3477 caelorum
1175 3419 1260 3499 post
1275 3428 1356 3476 san·
1386 3433 1404 3479 2
1409 3435 1426 3500 5

237 3528 337 3584 ctum
357 3511 430 3585 Dei
447 3512 608 3585 cucurrit
626 3511 807 3585 alacriter.
865 3510 936 3583 Hic
951 3510 1050 3583 enim
1067 3511 1282 3606 frequenter
1300 3536 1357 3582 su-

237 3635 409 3717 sceperat
422 3619 573 3692 beatum
589 3635 734 3717 patrem
749 3616 922 3716 hospitio,
936 3618 1040 3690 cuius
1054 3617 1168 3690 vitam
1183 3632 1222 3690 et
1234 3642 1357 3690 mores

308 3845 330 3883 2.
352 3830 373 3885 R
393 3828 513 3898 priorum
569 3827 812 3882 Pconversatione
885 3828 947 3897 6-7.
964 3827 1011 3881 AS
1025 3828 1148 3881 cordium
1222 3843 1245 3898 7.
1266 3827 1287 3881 f.
1307 3828 1358 3880 im-

235 3910 319 3980 pleret
375 3910 410 3963 Os
428 3909 543 3979 repleret
642 3924 668 3980 9.
687 3909 734 3962 As
751 3908 784 3961 Et
805 3910 864 3961 mir.
884 3920 924 3961 est
942 3907 1015 3961 dictu
1035 3920 1107 3961 certe
1206 3924 1245 3962 10.
1265 3910 1286 3961 B
1305 3909 1358 3979 pri·

236 3991 339 4051 micils;
360 3990 453 4042 Hom.
510 3987 594 4057 esset]
615 3989 645 4041 M
663 3990 766 4041 viveret
843 4003 881 4043 11.
901 3988 1005 4057 legere]
1026 3987 1155 4057 Plegem
1211 3989 1356 4058 E,l<quo

236 4082 263 4122 et
281 4069 344 4123 loco
424 4083 517 4122 11-12.
537 4069 585 4123 AS
600 4066 718 4122 honorif.
738 4085 793 4138 sep.
813 4081 861 4122 est.
882 4068 1005 4120 Primum
1026 4080 1054 4120 ut
1073 4067 1135 4121 felix
1154 4068 1212 4121 init.
1233 4084 1356 4121 consum.

239 4150 409 4204 12.Rom.ut
486 4149 822 4218 15.0;priuscumcouv.
899 4149 1136 4217 17.0xdetuobis
1212 4149 1358 4216 17-18.A5

237 4250 284 4284 orn.
305 4231 393 4284 obviis
481 4230 625 4301 18-19.H
642 4230 783 4283 Praeterea
870 4246 911 4283 21.
932 4230 1016 4298 pacis]
1038 4229 1061 4282 Ε
1079 4229 1161 4300 patris
1215 4229 1312 4283 Hom.
1332 4242 1358 4281 et

237 4328 306 4363 aem.
325 4310 374 4363 sal.
399 4323 522 4364 aeternae
604 4325 645 4364 22.
665 4311 753 4381 pium]
778 4310 835 4375 AS,
856 4309 878 4362 P
897 4326 978 4379 puer,·
1004 4308 1175 4377 Lpuerilem
1261 4324 1303 4373 24.
1328 4309 1363 4362 M

237 4390 376 4443 Renanlus
430 4391 477 4444 AS
494 4390 610 4461 legatam
631 4407 728 4459 pacem
802 4406 842 4458 25.
859 4389 1049 4458 mercandum]
1073 4389 1114 4442 Ox
1133 4388 1296 4441 imitandum
