<?xml version="1.0" encoding="UTF-8"?>
<!DOCTYPE html PUBLIC "-//W3C//DTD XHTML 1.0 Transitional//EN"
    "http://www.w3.org/TR/xhtml1/DTD/xhtml1-transitional.dtd">
<html xmlns="http://www.w3.org/1999/xhtml" xml:lang="en" lang="en">
 <head>
  <title>
</title>
<meta http-equiv="Content-Type" content="text/html;charset=utf-8" />
  <meta name='ocr-system' content='tesseract 3.04.00' />
  <meta name='ocr-capabilities' content='ocr_page ocr_carea ocr_par ocr_line ocrx_word'/>
</head>
<body>
  <div class='ocr_page' id='page_1' title='image "./sfrancisciassis00dogoog_0515.png"; bbox 0 0 3142 4875; ppageno 0'>
   <div class='ocr_carea' id='block_1_1' title="bbox 590 384 1305 455">
    <p class='ocr_par' dir='ltr' id='par_1_1' title="bbox 590 384 1305 455">
     <span class='ocr_line' id='line_1_1' title="bbox 590 384 1305 455; baseline -0.003 -18"><span class='ocrx_word' id='word_1_1' title='bbox 590 388 694 437; x_wconf 85' lang='lat' dir='ltr'><strong>BEATI</strong></span> <span class='ocrx_word' id='word_1_2' title='bbox 723 388 908 438; x_wconf 78' lang='lat' dir='ltr'><strong>FRANCISCI</strong></span> <span class='ocrx_word' id='word_1_3' title='bbox 1229 384 1305 455; x_wconf 83' lang='lat'>417</span> 
     </span>
    </p>
   </div>
   <div class='ocr_carea' id='block_1_2' title="bbox 110 619 1310 4350">
    <p class='ocr_par' dir='ltr' id='par_1_2' title="bbox 110 619 1310 4350">
     <span class='ocr_line' id='line_1_2' title="bbox 188 619 1310 722; baseline -0.002 -25"><span class='ocrx_word' id='word_1_4' title='bbox 188 643 345 722; x_wconf 89' lang='lat' dir='ltr'>peccato</span> <span class='ocrx_word' id='word_1_5' title='bbox 364 622 561 719; x_wconf 92' lang='lat' dir='ltr'>provenire</span> <span class='ocrx_word' id='word_1_6' title='bbox 582 620 717 693; x_wconf 87' lang='lat' dir='ltr'>uxoris.</span> <span class='ocrx_word' id='word_1_7' title='bbox 777 619 841 693; x_wconf 93' lang='lat' dir='ltr'>llla</span> <span class='ocrx_word' id='word_1_8' title='bbox 855 646 955 700; x_wconf 88' lang='lat' dir='ltr'>vero,</span> <span class='ocrx_word' id='word_1_9' title='bbox 974 646 1144 694; x_wconf 92' lang='lat' dir='ltr'>moerore</span> <span class='ocrx_word' id='word_1_10' title='bbox 1172 622 1310 695; x_wconf 76' lang='lat' dir='ltr'>afflicta</span> 
     </span>
     <span class='ocr_line' id='line_1_3' title="bbox 189 728 1308 826; baseline -0.003 -22"><span class='ocrx_word' id='word_1_11' title='bbox 189 748 226 805; x_wconf 95' lang='lat' dir='ltr'>et</span> <span class='ocrx_word' id='word_1_12' title='bbox 263 731 398 803; x_wconf 85' lang='lat' dir='ltr'>rubore</span> <span class='ocrx_word' id='word_1_13' title='bbox 431 729 594 810; x_wconf 80' lang='lat' dir='ltr'>confusa,</span> <span class='ocrx_word' id='word_1_14' title='bbox 634 728 774 801; x_wconf 88' lang='lat' dir='ltr'>crebris</span> <span class='ocrx_word' id='word_1_15' title='bbox 811 728 1013 826; x_wconf 85' lang='lat' dir='ltr'>gemitibus</span> <span class='ocrx_word' id='word_1_16' title='bbox 1049 728 1234 802; x_wconf 91' lang='lat' dir='ltr'>clamabat</span> <span class='ocrx_word' id='word_1_17' title='bbox 1261 730 1308 802; x_wconf 91' lang='lat' dir='ltr'>ad</span> 
     </span>
     <span class='ocr_line' id='line_1_4' title="bbox 188 833 1310 920; baseline -0.003 -9"><span class='ocrx_word' id='word_1_18' title='bbox 188 836 389 917; x_wconf 81' lang='lat' dir='ltr'>Christum,</span> <span class='ocrx_word' id='word_1_19' title='bbox 429 835 547 907; x_wconf 89' lang='lat' dir='ltr'>sancti</span> <span class='ocrx_word' id='word_1_20' title='bbox 586 833 774 908; x_wconf 92' lang='lat' dir='ltr'>Francisci</span> <span class='ocrx_word' id='word_1_21' title='bbox 808 834 987 907; x_wconf 86' lang='lat' dir='ltr'>auxilium</span> <span class='ocrx_word' id='word_1_22' title='bbox 1017 835 1237 920; x_wconf 89' lang='lat' dir='ltr'>invocando,</span> <span class='ocrx_word' id='word_1_23' title='bbox 1271 853 1310 908; x_wconf 92' lang='lat' dir='ltr'>ut</span> 
     </span>
     <span class='ocr_line' id='line_1_5' title="bbox 187 940 1309 1038; baseline -0.001 -22"><span class='ocrx_word' id='word_1_24' title='bbox 187 944 322 1016; x_wconf 80' lang='lat' dir='ltr'>infelici</span> <span class='ocrx_word' id='word_1_25' title='bbox 351 942 421 1015; x_wconf 86' lang='lat' dir='ltr'>sibi</span> <span class='ocrx_word' id='word_1_26' title='bbox 449 958 489 1015; x_wconf 91' lang='lat' dir='ltr'>et</span> <span class='ocrx_word' id='word_1_27' title='bbox 515 940 551 1015; x_wconf 92' lang='lat' dir='ltr'>in</span> <span class='ocrx_word' id='word_1_28' title='bbox 581 940 643 1014; x_wconf 92' lang='lat' dir='ltr'>tali</span> <span class='ocrx_word' id='word_1_29' title='bbox 673 942 877 1038; x_wconf 90' lang='lat' dir='ltr'>opprobrio</span> <span class='ocrx_word' id='word_1_30' title='bbox 912 941 1135 1015; x_wconf 85' lang='lat' dir='ltr'>constitutae</span> <span class='ocrx_word' id='word_1_31' title='bbox 1164 968 1309 1016; x_wconf 90' lang='lat' dir='ltr'>succur-</span> 
     </span>
     <span class='ocr_line' id='line_1_6' title="bbox 139 1049 1308 1150; baseline -0.001 -26"><span class='ocrx_word' id='word_1_32' title='bbox 139 1087 154 1150; x_wconf 88' lang='lat'><em>5</em></span> <span class='ocrx_word' id='word_1_33' title='bbox 186 1076 268 1124; x_wconf 89' lang='lat' dir='ltr'>rere</span> <span class='ocrx_word' id='word_1_34' title='bbox 284 1051 513 1147; x_wconf 82' lang='lat' dir='ltr'>dignaretur.</span> <span class='ocrx_word' id='word_1_35' title='bbox 557 1049 679 1121; x_wconf 89' lang='lat' dir='ltr'>Nocte</span> <span class='ocrx_word' id='word_1_36' title='bbox 694 1049 856 1144; x_wconf 90' lang='lat' dir='ltr'>quadam</span> <span class='ocrx_word' id='word_1_37' title='bbox 874 1073 957 1120; x_wconf 93' lang='lat' dir='ltr'>cum</span> <span class='ocrx_word' id='word_1_38' title='bbox 974 1064 1127 1146; x_wconf 89' lang='lat' dir='ltr'>propter</span> <span class='ocrx_word' id='word_1_39' title='bbox 1142 1049 1308 1123; x_wconf 90' lang='lat' dir='ltr'>huiusce·</span> 
     </span>
     <span class='ocr_line' id='line_1_7' title="bbox 187 1154 1310 1254; baseline -0.001 -24"><span class='ocrx_word' id='word_1_40' title='bbox 187 1157 287 1230; x_wconf 91' lang='lat' dir='ltr'>modi</span> <span class='ocrx_word' id='word_1_41' title='bbox 324 1156 511 1229; x_wconf 91' lang='lat' dir='ltr'>tristitiam</span> <span class='ocrx_word' id='word_1_42' title='bbox 547 1154 640 1228; x_wconf 90' lang='lat' dir='ltr'>tristi</span> <span class='ocrx_word' id='word_1_43' title='bbox 684 1180 819 1227; x_wconf 93' lang='lat' dir='ltr'>somno</span> <span class='ocrx_word' id='word_1_44' title='bbox 861 1156 1098 1252; x_wconf 87' lang='lat' dir='ltr'>arriperetur,</span> <span class='ocrx_word' id='word_1_45' title='bbox 1137 1156 1310 1254; x_wconf 91' lang='lat' dir='ltr'>apparuit</span> 
     </span>
     <span class='ocr_line' id='line_1_8' title="bbox 185 1260 1304 1358; baseline -0.003 -21"><span class='ocrx_word' id='word_1_46' title='bbox 185 1265 218 1338; x_wconf 89' lang='lat' dir='ltr'>ei</span> <span class='ocrx_word' id='word_1_47' title='bbox 249 1281 398 1337; x_wconf 91' lang='lat' dir='ltr'>sanctus</span> <span class='ocrx_word' id='word_1_48' title='bbox 436 1263 667 1344; x_wconf 89' lang='lat' dir='ltr'>Franciscus‚</span> <span class='ocrx_word' id='word_1_49' title='bbox 699 1261 769 1358; x_wconf 92' lang='lat' dir='ltr'>piis</span> <span class='ocrx_word' id='word_1_50' title='bbox 805 1286 887 1334; x_wconf 88' lang='lat' dir='ltr'>eam</span> <span class='ocrx_word' id='word_1_51' title='bbox 919 1260 1091 1335; x_wconf 87' lang='lat' dir='ltr'>affatibus</span> <span class='ocrx_word' id='word_1_52' title='bbox 1120 1263 1304 1336; x_wconf 89' lang='lat' dir='ltr'>mulcens:</span> 
     </span>
     <span class='ocr_line' id='line_1_9' title="bbox 185 1369 1306 1469; baseline -0.002 -25"><span class='ocrx_word' id='word_1_53' title='bbox 185 1371 318 1469; x_wconf 88' lang='lat' dir='ltr'>Surge,</span> <span class='ocrx_word' id='word_1_54' title='bbox 351 1370 479 1466; x_wconf 92' lang='lat' dir='ltr'>inquit,</span> <span class='ocrx_word' id='word_1_55' title='bbox 520 1385 558 1441; x_wconf 92' lang='lat' dir='ltr'>et</span> <span class='ocrx_word' id='word_1_56' title='bbox 592 1385 698 1465; x_wconf 90' lang='lat' dir='ltr'>porta</span> <span class='ocrx_word' id='word_1_57' title='bbox 737 1394 894 1464; x_wconf 88' lang='lat' dir='ltr'>puerum</span> <span class='ocrx_word' id='word_1_58' title='bbox 928 1369 976 1440; x_wconf 91' lang='lat' dir='ltr'>ad</span> <span class='ocrx_word' id='word_1_59' title='bbox 1005 1369 1127 1442; x_wconf 91' lang='lat' dir='ltr'>locum</span> <span class='ocrx_word' id='word_1_60' title='bbox 1157 1371 1306 1467; x_wconf 90' lang='lat' dir='ltr'>propin·</span> 
     </span>
     <span class='ocr_line' id='line_1_10' title="bbox 186 1475 1307 1575; baseline -0.002 -24"><span class='ocrx_word' id='word_1_61' title='bbox 186 1504 300 1575; x_wconf 91' lang='lat' dir='ltr'>quum</span> <span class='ocrx_word' id='word_1_62' title='bbox 339 1502 424 1549; x_wconf 88' lang='lat' dir='ltr'>meo</span> <span class='ocrx_word' id='word_1_63' title='bbox 463 1476 612 1548; x_wconf 88' lang='lat' dir='ltr'>nomine</span> <span class='ocrx_word' id='word_1_64' title='bbox 648 1475 873 1558; x_wconf 89' lang='lat' dir='ltr'>dedicatum,</span> <span class='ocrx_word' id='word_1_65' title='bbox 914 1493 952 1547; x_wconf 91' lang='lat' dir='ltr'>et</span> <span class='ocrx_word' id='word_1_66' title='bbox 990 1475 1110 1571; x_wconf 92' lang='lat' dir='ltr'>ipsum</span> <span class='ocrx_word' id='word_1_67' title='bbox 1146 1476 1181 1548; x_wconf 94' lang='lat' dir='ltr'>in</span> <span class='ocrx_word' id='word_1_68' title='bbox 1210 1502 1307 1573; x_wconf 91' lang='lat' dir='ltr'>aqua</span> 
     </span>
     <span class='ocr_line' id='line_1_11' title="bbox 116 1581 1307 1680; baseline -0.003 -21"><span class='ocrx_word' id='word_1_69' title='bbox 116 1613 156 1659; x_wconf 85' lang='lat' dir='ltr'>ro</span> <span class='ocrx_word' id='word_1_70' title='bbox 185 1584 280 1657; x_wconf 89' lang='lat' dir='ltr'>illius</span> <span class='ocrx_word' id='word_1_71' title='bbox 308 1584 411 1680; x_wconf 86' lang='lat' dir='ltr'>putei</span> <span class='ocrx_word' id='word_1_72' title='bbox 439 1581 640 1656; x_wconf 86' lang='lat' dir='ltr'>balneabis.</span> <span class='ocrx_word' id='word_1_73' title='bbox 700 1582 792 1653; x_wconf 87' lang='lat' dir='ltr'>Mox</span> <span class='ocrx_word' id='word_1_74' title='bbox 821 1581 920 1653; x_wconf 89' lang='lat' dir='ltr'>enim</span> <span class='ocrx_word' id='word_1_75' title='bbox 942 1599 981 1653; x_wconf 94' lang='lat' dir='ltr'>ut</span> <span class='ocrx_word' id='word_1_76' title='bbox 1009 1582 1072 1654; x_wconf 88' lang='lat' dir='ltr'>tali</span> <span class='ocrx_word' id='word_1_77' title='bbox 1102 1608 1199 1679; x_wconf 91' lang='lat' dir='ltr'>aqua</span> <span class='ocrx_word' id='word_1_78' title='bbox 1219 1609 1307 1680; x_wconf 91' lang='lat' dir='ltr'>pue·</span> 
     </span>
     <span class='ocr_line' id='line_1_12' title="bbox 186 1687 1304 1786; baseline -0.002 -22"><span class='ocrx_word' id='word_1_79' title='bbox 186 1717 265 1764; x_wconf 90' lang='lat' dir='ltr'>rum</span> <span class='ocrx_word' id='word_1_80' title='bbox 301 1690 557 1786; x_wconf 80' lang='lat' dir='ltr'>superfundes,</span> <span class='ocrx_word' id='word_1_81' title='bbox 593 1690 790 1761; x_wconf 88' lang='lat' dir='ltr'>sanitatem</span> <span class='ocrx_word' id='word_1_82' title='bbox 820 1687 1005 1786; x_wconf 87' lang='lat' dir='ltr'>integram</span> <span class='ocrx_word' id='word_1_83' title='bbox 1044 1707 1304 1786; x_wconf 87' lang='lat' dir='ltr'>consequetur.</span> 
     </span>
     <span class='ocr_line' id='line_1_13' title="bbox 185 1794 1303 1896; baseline -0.002 -25"><span class='ocrx_word' id='word_1_84' title='bbox 185 1796 364 1896; x_wconf 87' lang='lat' dir='ltr'>Neglexit</span> <span class='ocrx_word' id='word_1_85' title='bbox 379 1796 509 1869; x_wconf 91' lang='lat' dir='ltr'>mulier</span> <span class='ocrx_word' id='word_1_86' title='bbox 523 1796 641 1868; x_wconf 90' lang='lat' dir='ltr'>sancti</span> <span class='ocrx_word' id='word_1_87' title='bbox 659 1795 874 1868; x_wconf 88' lang='lat' dir='ltr'>mandatum</span> <span class='ocrx_word' id='word_1_88' title='bbox 891 1794 1095 1892; x_wconf 90' lang='lat' dir='ltr'>adimplere</span> <span class='ocrx_word' id='word_1_89' title='bbox 1111 1796 1158 1868; x_wconf 90' lang='lat' dir='ltr'>de</span> <span class='ocrx_word' id='word_1_90' title='bbox 1175 1823 1303 1894; x_wconf 89' lang='lat' dir='ltr'>puer0,</span> 
     </span>
     <span class='ocr_line' id='line_1_14' title="bbox 186 1902 1306 1998; baseline 0 -22"><span class='ocrx_word' id='word_1_91' title='bbox 186 1920 223 1976; x_wconf 91' lang='lat' dir='ltr'>et</span> <span class='ocrx_word' id='word_1_92' title='bbox 260 1904 424 1976; x_wconf 88' lang='lat' dir='ltr'>secunda</span> <span class='ocrx_word' id='word_1_93' title='bbox 460 1903 541 1975; x_wconf 90' lang='lat' dir='ltr'>vice</span> <span class='ocrx_word' id='word_1_94' title='bbox 574 1902 642 1974; x_wconf 94' lang='lat' dir='ltr'>sibi</span> <span class='ocrx_word' id='word_1_95' title='bbox 676 1902 871 1998; x_wconf 87' lang='lat' dir='ltr'>apparenti</span> <span class='ocrx_word' id='word_1_96' title='bbox 901 1918 939 1974; x_wconf 88' lang='lat' dir='ltr'>et</span> <span class='ocrx_word' id='word_1_97' title='bbox 968 1902 1059 1976; x_wconf 90' lang='lat' dir='ltr'>haec</span> <span class='ocrx_word' id='word_1_98' title='bbox 1088 1904 1222 1977; x_wconf 90' lang='lat' dir='ltr'>eadem</span> <span class='ocrx_word' id='word_1_99' title='bbox 1253 1930 1306 1976; x_wconf 91' lang='lat' dir='ltr'>re·</span> 
     </span>
     <span class='ocr_line' id='line_1_15' title="bbox 186 2008 1305 2106; baseline 0.001 -24"><span class='ocrx_word' id='word_1_100' title='bbox 186 2009 335 2106; x_wconf 91' lang='lat' dir='ltr'>plicanti</span> <span class='ocrx_word' id='word_1_101' title='bbox 365 2010 515 2082; x_wconf 90' lang='lat' dir='ltr'>minime</span> <span class='ocrx_word' id='word_1_102' title='bbox 543 2009 742 2105; x_wconf 88' lang='lat' dir='ltr'>acquievit.</span> <span class='ocrx_word' id='word_1_103' title='bbox 816 2008 891 2081; x_wconf 87' lang='lat' dir='ltr'>Sed</span> <span class='ocrx_word' id='word_1_104' title='bbox 920 2009 1001 2081; x_wconf 90' lang='lat' dir='ltr'>eius</span> <span class='ocrx_word' id='word_1_105' title='bbox 1030 2009 1305 2106; x_wconf 88' lang='lat' dir='ltr'>simplicitatem</span> 
     </span>
     <span class='ocr_line' id='line_1_16' title="bbox 115 2111 1306 2214; baseline -0.003 -22"><span class='ocrx_word' id='word_1_106' title='bbox 115 2146 153 2211; x_wconf 83' lang='lat'>15</span> <span class='ocrx_word' id='word_1_107' title='bbox 185 2116 247 2214; x_wconf 93' lang='lat' dir='ltr'>pie</span> <span class='ocrx_word' id='word_1_108' title='bbox 283 2111 433 2189; x_wconf 80' lang='lat' dir='ltr'>salictus</span> <span class='ocrx_word' id='word_1_109' title='bbox 467 2116 744 2197; x_wconf 70' lang='lat' dir='ltr'>commiserans</span> <span class='ocrx_word' id='word_1_110' title='bbox 783 2116 971 2212; x_wconf 90' lang='lat' dir='ltr'>stupendo</span> <span class='ocrx_word' id='word_1_111' title='bbox 1011 2117 1124 2189; x_wconf 90' lang='lat' dir='ltr'>modo</span> <span class='ocrx_word' id='word_1_112' title='bbox 1162 2117 1306 2189; x_wconf 90' lang='lat' dir='ltr'>addidit</span> 
     </span>
     <span class='ocr_line' id='line_1_17' title="bbox 187 2221 1306 2321; baseline 0 -25"><span class='ocrx_word' id='word_1_113' title='bbox 187 2223 364 2300; x_wconf 86' lang='lat' dir='ltr'>misereri.</span> <span class='ocrx_word' id='word_1_114' title='bbox 425 2222 556 2295; x_wconf 89' lang='lat' dir='ltr'>Tertio</span> <span class='ocrx_word' id='word_1_115' title='bbox 586 2248 747 2319; x_wconf 91' lang='lat' dir='ltr'>namque</span> <span class='ocrx_word' id='word_1_116' title='bbox 776 2248 859 2294; x_wconf 92' lang='lat' dir='ltr'>cum</span> <span class='ocrx_word' id='word_1_117' title='bbox 890 2221 1046 2320; x_wconf 82' lang='lat' dir='ltr'>Virgine</span> <span class='ocrx_word' id='word_1_118' title='bbox 1075 2223 1239 2321; x_wconf 87' lang='lat' dir='ltr'>gloriosa</span> <span class='ocrx_word' id='word_1_119' title='bbox 1268 2241 1306 2297; x_wconf 91' lang='lat' dir='ltr'>et</span> 
     </span>
     <span class='ocr_line' id='line_1_18' title="bbox 185 2328 1304 2428; baseline -0.001 -25"><span class='ocrx_word' id='word_1_120' title='bbox 185 2347 397 2403; x_wconf 90' lang='lat' dir='ltr'>sanctorum</span> <span class='ocrx_word' id='word_1_121' title='bbox 415 2328 682 2426; x_wconf 84' lang='lat' dir='ltr'>Apostolorum</span> <span class='ocrx_word' id='word_1_122' title='bbox 706 2328 935 2402; x_wconf 90' lang='lat' dir='ltr'>nobilissimo</span> <span class='ocrx_word' id='word_1_123' title='bbox 955 2331 1130 2403; x_wconf 89' lang='lat' dir='ltr'>comitatu</span> <span class='ocrx_word' id='word_1_124' title='bbox 1153 2330 1222 2403; x_wconf 92' lang='lat' dir='ltr'>sibi</span> <span class='ocrx_word' id='word_1_125' title='bbox 1243 2357 1304 2428; x_wconf 90' lang='lat' dir='ltr'>ap·</span> 
     </span>
     <span class='ocr_line' id='line_1_19' title="bbox 185 2436 1303 2535; baseline -0.001 -23"><span class='ocrx_word' id='word_1_126' title='bbox 185 2438 317 2535; x_wconf 89' lang='lat' dir='ltr'>paruit,</span> <span class='ocrx_word' id='word_1_127' title='bbox 354 2455 392 2510; x_wconf 91' lang='lat' dir='ltr'>et</span> <span class='ocrx_word' id='word_1_128' title='bbox 427 2436 616 2534; x_wconf 91' lang='lat' dir='ltr'>accipiens</span> <span class='ocrx_word' id='word_1_129' title='bbox 651 2463 738 2514; x_wconf 91' lang='lat' dir='ltr'>eam</span> <span class='ocrx_word' id='word_1_130' title='bbox 773 2463 857 2509; x_wconf 93' lang='lat' dir='ltr'>cum</span> <span class='ocrx_word' id='word_1_131' title='bbox 894 2463 1012 2533; x_wconf 88' lang='lat' dir='ltr'>puero</span> <span class='ocrx_word' id='word_1_132' title='bbox 1040 2454 1127 2511; x_wconf 90' lang='lat' dir='ltr'>ante</span> <span class='ocrx_word' id='word_1_133' title='bbox 1156 2439 1303 2512; x_wconf 89' lang='lat' dir='ltr'>ianuam</span> 
     </span>
     <span class='ocr_line' id='line_1_20' title="bbox 184 2543 1304 2640; baseline 0 -22"><span class='ocrx_word' id='word_1_134' title='bbox 184 2545 271 2618; x_wconf 92' lang='lat' dir='ltr'>dicti</span> <span class='ocrx_word' id='word_1_135' title='bbox 293 2543 362 2617; x_wconf 91' lang='lat' dir='ltr'>loci</span> <span class='ocrx_word' id='word_1_136' title='bbox 382 2543 570 2617; x_wconf 88' lang='lat' dir='ltr'>transtulit</span> <span class='ocrx_word' id='word_1_137' title='bbox 584 2545 619 2615; x_wconf 92' lang='lat' dir='ltr'>in</span> <span class='ocrx_word' id='word_1_138' title='bbox 642 2562 843 2616; x_wconf 89' lang='lat' dir='ltr'>momento.</span> <span class='ocrx_word' id='word_1_139' title='bbox 895 2543 1067 2640; x_wconf 87' lang='lat' dir='ltr'>Cumque</span> <span class='ocrx_word' id='word_1_140' title='bbox 1083 2546 1153 2617; x_wconf 93' lang='lat' dir='ltr'>iam</span> <span class='ocrx_word' id='word_1_141' title='bbox 1170 2570 1304 2618; x_wconf 87' lang='lat' dir='ltr'>aurora</span> 
     </span>
     <span class='ocr_line' id='line_1_21' title="bbox 110 2650 1304 2748; baseline -0.001 -22"><span class='ocrx_word' id='word_1_142' title='bbox 110 2680 153 2727; x_wconf 92' lang='lat'>20</span> <span class='ocrx_word' id='word_1_143' title='bbox 184 2653 365 2748; x_wconf 88' lang='lat' dir='ltr'>inciperet</span> <span class='ocrx_word' id='word_1_144' title='bbox 393 2676 574 2748; x_wconf 89' lang='lat' dir='ltr'>apparere</span> <span class='ocrx_word' id='word_1_145' title='bbox 603 2651 801 2747; x_wconf 87' lang='lat' dir='ltr'>omnisque</span> <span class='ocrx_word' id='word_1_146' title='bbox 830 2676 1009 2747; x_wconf 89' lang='lat' dir='ltr'>corporea</span> <span class='ocrx_word' id='word_1_147' title='bbox 1042 2650 1102 2725; x_wconf 92' lang='lat' dir='ltr'>illa</span> <span class='ocrx_word' id='word_1_148' title='bbox 1130 2653 1224 2725; x_wconf 90' lang='lat' dir='ltr'>visio</span> <span class='ocrx_word' id='word_1_149' title='bbox 1252 2652 1304 2725; x_wconf 93' lang='lat' dir='ltr'>di·</span> 
     </span>
     <span class='ocr_line' id='line_1_22' title="bbox 183 2757 1303 2856; baseline -0.001 -25"><span class='ocrx_word' id='word_1_150' title='bbox 183 2760 386 2841; x_wconf 88' lang='lat' dir='ltr'>scessisset,</span> <span class='ocrx_word' id='word_1_151' title='bbox 419 2759 678 2856; x_wconf 79' lang='lat' dir='ltr'>obstupefacta</span> <span class='ocrx_word' id='word_1_152' title='bbox 708 2757 840 2830; x_wconf 92' lang='lat' dir='ltr'>mulier</span> <span class='ocrx_word' id='word_1_153' title='bbox 867 2775 905 2830; x_wconf 90' lang='lat' dir='ltr'>et</span> <span class='ocrx_word' id='word_1_154' title='bbox 933 2758 1027 2831; x_wconf 90' lang='lat' dir='ltr'>ultra</span> <span class='ocrx_word' id='word_1_155' title='bbox 1060 2785 1172 2855; x_wconf 93' lang='lat' dir='ltr'>quam</span> <span class='ocrx_word' id='word_1_156' title='bbox 1202 2760 1303 2832; x_wconf 92' lang='lat' dir='ltr'>credi</span> 
     </span>
     <span class='ocr_line' id='line_1_23' title="bbox 185 2865 1304 2963; baseline 0.002 -26"><span class='ocrx_word' id='word_1_157' title='bbox 185 2867 306 2938; x_wconf 87' lang='lat' dir='ltr'>valeat</span> <span class='ocrx_word' id='word_1_158' title='bbox 334 2866 525 2947; x_wconf 88' lang='lat' dir='ltr'>admirata,</span> <span class='ocrx_word' id='word_1_159' title='bbox 558 2865 718 2961; x_wconf 90' lang='lat' dir='ltr'>pulsavit</span> <span class='ocrx_word' id='word_1_160' title='bbox 745 2866 794 2936; x_wconf 91' lang='lat' dir='ltr'>ad</span> <span class='ocrx_word' id='word_1_161' title='bbox 823 2865 982 2937; x_wconf 91' lang='lat' dir='ltr'>ianuam.</span> <span class='ocrx_word' id='word_1_162' title='bbox 1050 2865 1210 2963; x_wconf 81' lang='lat' dir='ltr'>Ingessit</span> <span class='ocrx_word' id='word_1_163' title='bbox 1238 2867 1304 2938; x_wconf 83' lang='lat' dir='ltr'>sra-</span> 
     </span>
     <span class='ocr_line' id='line_1_24' title="bbox 185 2972 1300 3056; baseline 0.003 -13"><span class='ocrx_word' id='word_1_164' title='bbox 185 2973 302 3044; x_wconf 91' lang='lat' dir='ltr'>tribus</span> <span class='ocrx_word' id='word_1_165' title='bbox 330 2972 376 3043; x_wconf 89' lang='lat' dir='ltr'>de</span> <span class='ocrx_word' id='word_1_166' title='bbox 405 2972 457 3045; x_wconf 88' lang='lat' dir='ltr'>rei</span> <span class='ocrx_word' id='word_1_167' title='bbox 487 2972 653 3044; x_wconf 90' lang='lat' dir='ltr'>novitate</span> <span class='ocrx_word' id='word_1_168' title='bbox 682 2996 755 3043; x_wconf 94' lang='lat' dir='ltr'>non</span> <span class='ocrx_word' id='word_1_169' title='bbox 791 2972 974 3044; x_wconf 89' lang='lat' dir='ltr'>modicam</span> <span class='ocrx_word' id='word_1_170' title='bbox 1004 2974 1300 3056; x_wconf 88' lang='lat' dir='ltr'>admirationem,</span> 
     </span>
     <span class='ocr_line' id='line_1_25' title="bbox 184 3077 1302 3175; baseline 0.001 -25"><span class='ocrx_word' id='word_1_171' title='bbox 184 3096 409 3175; x_wconf 85' lang='lat' dir='ltr'>exspectans</span> <span class='ocrx_word' id='word_1_172' title='bbox 436 3095 514 3151; x_wconf 87' lang='lat' dir='ltr'>tota</span> <span class='ocrx_word' id='word_1_173' title='bbox 543 3077 678 3151; x_wconf 82' lang='lat' dir='ltr'>fiducia</span> <span class='ocrx_word' id='word_1_174' title='bbox 714 3079 818 3173; x_wconf 90' lang='lat' dir='ltr'>pueri</span> <span class='ocrx_word' id='word_1_175' title='bbox 852 3080 1060 3161; x_wconf 89' lang='lat' dir='ltr'>sanitatem,</span> <span class='ocrx_word' id='word_1_176' title='bbox 1091 3081 1201 3152; x_wconf 90' lang='lat' dir='ltr'>tertio</span> <span class='ocrx_word' id='word_1_177' title='bbox 1230 3080 1302 3153; x_wconf 88' lang='lat' dir='ltr'>iam</span> 
     </span>
     <span class='ocr_line' id='line_1_26' title="bbox 113 3183 1303 3282; baseline 0.002 -26"><span class='ocrx_word' id='word_1_178' title='bbox 113 3210 151 3275; x_wconf 85' lang='lat'>25</span> <span class='ocrx_word' id='word_1_179' title='bbox 185 3183 335 3257; x_wconf 86' lang='lat' dir='ltr'>oraculo</span> <span class='ocrx_word' id='word_1_180' title='bbox 356 3186 628 3281; x_wconf 86' lang='lat' dir='ltr'>repromissam.</span> <span class='ocrx_word' id='word_1_181' title='bbox 678 3184 879 3258; x_wconf 83' lang='lat' dir='ltr'>Advenere</span> <span class='ocrx_word' id='word_1_182' title='bbox 900 3187 1138 3282; x_wconf 89' lang='lat' dir='ltr'>postmodum</span> <span class='ocrx_word' id='word_1_183' title='bbox 1160 3188 1303 3259; x_wconf 88' lang='lat' dir='ltr'>nobiles</span> 
     </span>
     <span class='ocr_line' id='line_1_27' title="bbox 186 3291 1304 3387; baseline 0.003 -25"><span class='ocrx_word' id='word_1_184' title='bbox 186 3291 358 3364; x_wconf 89' lang='lat' dir='ltr'>mulieres</span> <span class='ocrx_word' id='word_1_185' title='bbox 395 3292 442 3365; x_wconf 91' lang='lat' dir='ltr'>de</span> <span class='ocrx_word' id='word_1_186' title='bbox 478 3293 610 3364; x_wconf 88' lang='lat' dir='ltr'>eadem</span> <span class='ocrx_word' id='word_1_187' title='bbox 648 3291 838 3387; x_wconf 86' lang='lat' dir='ltr'>provincia</span> <span class='ocrx_word' id='word_1_188' title='bbox 876 3317 987 3365; x_wconf 89' lang='lat' dir='ltr'>causa</span> <span class='ocrx_word' id='word_1_189' title='bbox 1016 3293 1234 3373; x_wconf 84' lang='lat' dir='ltr'>devotionis,</span> <span class='ocrx_word' id='word_1_190' title='bbox 1266 3311 1304 3365; x_wconf 92' lang='lat' dir='ltr'>et</span> 
     </span>
     <span class='ocr_line' id='line_1_28' title="bbox 184 3398 1300 3496; baseline 0.001 -26"><span class='ocrx_word' id='word_1_191' title='bbox 184 3423 281 3494; x_wconf 88' lang='lat' dir='ltr'>quae</span> <span class='ocrx_word' id='word_1_192' title='bbox 318 3398 554 3496; x_wconf 83' lang='lat' dir='ltr'>contigerant</span> <span class='ocrx_word' id='word_1_193' title='bbox 588 3398 794 3478; x_wconf 90' lang='lat' dir='ltr'>audientes,</span> <span class='ocrx_word' id='word_1_194' title='bbox 831 3398 1035 3472; x_wconf 86' lang='lat' dir='ltr'>admiratae</span> <span class='ocrx_word' id='word_1_195' title='bbox 1068 3418 1153 3471; x_wconf 91' lang='lat' dir='ltr'>sunt</span> <span class='ocrx_word' id='word_1_196' title='bbox 1180 3401 1300 3472; x_wconf 91' lang='lat' dir='ltr'>valde.</span> 
     </span>
     <span class='ocr_line' id='line_1_29' title="bbox 186 3504 1303 3603; baseline 0.003 -27"><span class='ocrx_word' id='word_1_197' title='bbox 186 3504 371 3577; x_wconf 88' lang='lat' dir='ltr'>Hauriunt</span> <span class='ocrx_word' id='word_1_198' title='bbox 399 3506 589 3600; x_wconf 87' lang='lat' dir='ltr'>extemplo</span> <span class='ocrx_word' id='word_1_199' title='bbox 617 3530 752 3600; x_wconf 90' lang='lat' dir='ltr'>aquam</span> <span class='ocrx_word' id='word_1_200' title='bbox 786 3506 833 3577; x_wconf 92' lang='lat' dir='ltr'>de</span> <span class='ocrx_word' id='word_1_201' title='bbox 862 3523 986 3603; x_wconf 90' lang='lat' dir='ltr'>pute0,</span> <span class='ocrx_word' id='word_1_202' title='bbox 1019 3522 1056 3578; x_wconf 85' lang='lat' dir='ltr'>et</span> <span class='ocrx_word' id='word_1_203' title='bbox 1085 3532 1211 3578; x_wconf 88' lang='lat' dir='ltr'>earum</span> <span class='ocrx_word' id='word_1_204' title='bbox 1242 3533 1303 3579; x_wconf 93' lang='lat' dir='ltr'>no-</span> 
     </span>
     <span class='ocr_line' id='line_1_30' title="bbox 184 3610 1302 3708; baseline 0.002 -26"><span class='ocrx_word' id='word_1_205' title='bbox 184 3610 292 3684; x_wconf 91' lang='lat' dir='ltr'>bilior</span> <span class='ocrx_word' id='word_1_206' title='bbox 320 3613 479 3708; x_wconf 87' lang='lat' dir='ltr'>propriis</span> <span class='ocrx_word' id='word_1_207' title='bbox 509 3613 680 3684; x_wconf 89' lang='lat' dir='ltr'>manibus</span> <span class='ocrx_word' id='word_1_208' title='bbox 708 3637 863 3708; x_wconf 90' lang='lat' dir='ltr'>puerum</span> <span class='ocrx_word' id='word_1_209' title='bbox 899 3612 1096 3685; x_wconf 89' lang='lat' dir='ltr'>balneavit.</span> <span class='ocrx_word' id='word_1_210' title='bbox 1169 3613 1302 3684; x_wconf 86' lang='lat' dir='ltr'>Statim</span> 
     </span>
     <span class='ocr_line' id='line_1_31' title="bbox 112 3718 1303 3815; baseline 0.003 -28"><span class='ocrx_word' id='word_1_211' title='bbox 112 3742 153 3807; x_wconf 78' lang='lat'>30</span> <span class='ocrx_word' id='word_1_212' title='bbox 184 3744 286 3815; x_wconf 89' lang='lat' dir='ltr'>puer,</span> <span class='ocrx_word' id='word_1_213' title='bbox 318 3719 492 3792; x_wconf 87' lang='lat' dir='ltr'>omnibus</span> <span class='ocrx_word' id='word_1_214' title='bbox 521 3719 696 3791; x_wconf 90' lang='lat' dir='ltr'>membris</span> <span class='ocrx_word' id='word_1_215' title='bbox 716 3718 763 3791; x_wconf 91' lang='lat' dir='ltr'>ad</span> <span class='ocrx_word' id='word_1_216' title='bbox 785 3745 851 3791; x_wconf 91' lang='lat' dir='ltr'>sua</span> <span class='ocrx_word' id='word_1_217' title='bbox 871 3719 952 3790; x_wconf 90' lang='lat' dir='ltr'>loca</span> <span class='ocrx_word' id='word_1_218' title='bbox 967 3719 1168 3815; x_wconf 88' lang='lat' dir='ltr'>productis,</span> <span class='ocrx_word' id='word_1_219' title='bbox 1191 3744 1303 3792; x_wconf 87' lang='lat' dir='ltr'>sanus</span> 
     </span>
     <span class='ocr_line' id='line_1_32' title="bbox 183 3825 1302 3923; baseline 0 -26"><span class='ocrx_word' id='word_1_220' title='bbox 183 3827 363 3923; x_wconf 90' lang='lat' dir='ltr'>apparuit,</span> <span class='ocrx_word' id='word_1_221' title='bbox 405 3842 442 3897; x_wconf 92' lang='lat' dir='ltr'>et</span> <span class='ocrx_word' id='word_1_222' title='bbox 477 3826 697 3922; x_wconf 87' lang='lat' dir='ltr'>magnitudo</span> <span class='ocrx_word' id='word_1_223' title='bbox 736 3825 899 3898; x_wconf 89' lang='lat' dir='ltr'>miraculi</span> <span class='ocrx_word' id='word_1_224' title='bbox 936 3825 1108 3897; x_wconf 91' lang='lat' dir='ltr'>omnibus</span> <span class='ocrx_word' id='word_1_225' title='bbox 1146 3826 1302 3898; x_wconf 91' lang='lat' dir='ltr'>admira-</span> 
     </span>
     <span class='ocr_line' id='line_1_33' title="bbox 183 3931 507 4005; baseline -0.003 -2"><span class='ocrx_word' id='word_1_226' title='bbox 183 3931 323 4005; x_wconf 88' lang='lat' dir='ltr'>tionem</span> <span class='ocrx_word' id='word_1_227' title='bbox 353 3933 507 4005; x_wconf 87' lang='lat' dir='ltr'>induxit.</span> 
     </span>
     <span class='ocr_line' id='line_1_34' title="bbox 269 4038 1303 4131; baseline 0 -21"><span class='ocrx_word' id='word_1_228' title='bbox 269 4059 350 4131; x_wconf 81' lang='lat'>159.</span> <span class='ocrx_word' id='word_1_229' title='bbox 383 4040 422 4109; x_wconf 94' lang='lat' dir='ltr'>In</span> <span class='ocrx_word' id='word_1_230' title='bbox 453 4056 575 4112; x_wconf 90' lang='lat' dir='ltr'>castro</span> <span class='ocrx_word' id='word_1_231' title='bbox 604 4039 763 4117; x_wconf 86' lang='lat' dir='ltr'>Chorae,</span> <span class='ocrx_word' id='word_1_232' title='bbox 796 4038 1007 4111; x_wconf 86' lang='lat' dir='ltr'>Hostiensis</span> <span class='ocrx_word' id='word_1_233' title='bbox 1036 4040 1228 4117; x_wconf 88' lang='lat' dir='ltr'>dioecesis,</span> <span class='ocrx_word' id='word_1_234' title='bbox 1247 4039 1303 4110; x_wconf 91' lang='lat' dir='ltr'>vir</span> 
     </span>
     <span class='ocr_line' id='line_1_35' title="bbox 182 4144 1302 4242; baseline 0.002 -25"><span class='ocrx_word' id='word_1_235' title='bbox 182 4146 333 4242; x_wconf 89' lang='lat' dir='ltr'>quidam</span> <span class='ocrx_word' id='word_1_236' title='bbox 364 4171 447 4218; x_wconf 92' lang='lat' dir='ltr'>crus</span> <span class='ocrx_word' id='word_1_237' title='bbox 476 4145 689 4242; x_wconf 89' lang='lat' dir='ltr'>perdiderat</span> <span class='ocrx_word' id='word_1_238' title='bbox 717 4147 769 4217; x_wconf 92' lang='lat' dir='ltr'>sic</span> <span class='ocrx_word' id='word_1_239' title='bbox 800 4171 846 4216; x_wconf 87' lang='lat' dir='ltr'>ex</span> <span class='ocrx_word' id='word_1_240' title='bbox 875 4162 965 4228; x_wconf 84' lang='lat' dir='ltr'>totu,</span> <span class='ocrx_word' id='word_1_241' title='bbox 996 4162 1036 4218; x_wconf 95' lang='lat' dir='ltr'>ut</span> <span class='ocrx_word' id='word_1_242' title='bbox 1066 4144 1165 4217; x_wconf 90' lang='lat' dir='ltr'>nullo</span> <span class='ocrx_word' id='word_1_243' title='bbox 1189 4147 1302 4219; x_wconf 91' lang='lat' dir='ltr'>modo</span> 
     </span>
     <span class='ocr_line' id='line_1_36' title="bbox 113 4253 1301 4350; baseline -0.001 -24"><span class='ocrx_word' id='word_1_244' title='bbox 113 4278 149 4343; x_wconf 82' lang='lat'>35</span> <span class='ocrx_word' id='word_1_245' title='bbox 181 4253 359 4350; x_wconf 91' lang='lat' dir='ltr'>progredi</span> <span class='ocrx_word' id='word_1_246' title='bbox 390 4253 447 4325; x_wconf 89' lang='lat' dir='ltr'>vel</span> <span class='ocrx_word' id='word_1_247' title='bbox 478 4278 627 4325; x_wconf 87' lang='lat' dir='ltr'>movere</span> <span class='ocrx_word' id='word_1_248' title='bbox 656 4279 696 4324; x_wconf 89' lang='lat' dir='ltr'>se</span> <span class='ocrx_word' id='word_1_249' title='bbox 725 4268 864 4348; x_wconf 89' lang='lat' dir='ltr'>posset.</span> <span class='ocrx_word' id='word_1_250' title='bbox 937 4253 1082 4324; x_wconf 89' lang='lat' dir='ltr'>Positus</span> <span class='ocrx_word' id='word_1_251' title='bbox 1112 4254 1235 4348; x_wconf 90' lang='lat' dir='ltr'>itaque</span> <span class='ocrx_word' id='word_1_252' title='bbox 1265 4253 1301 4325; x_wconf 93' lang='lat' dir='ltr'>in</span> 
     </span>
    </p>
   </div>
   <div class='ocr_carea' id='block_1_3' title="bbox 252 4496 550 4565">
    <p class='ocr_par' dir='ltr' id='par_1_3' title="bbox 252 4496 550 4565">
     <span class='ocr_line' id='line_1_37' title="bbox 252 4496 550 4565; baseline -0.003 -15"><span class='ocrx_word' id='word_1_253' title='bbox 252 4511 294 4564; x_wconf 87' lang='lat'>27.</span> <span class='ocrx_word' id='word_1_254' title='bbox 312 4496 344 4548; x_wconf 77' lang='lat' dir='ltr'>,ll</span> <span class='ocrx_word' id='word_1_255' title='bbox 360 4499 550 4565; x_wconf 82' lang='lat' dir='ltr'>contingerant</span> 
     </span>
    </p>
   </div>
   <div class='ocr_carea' id='block_1_4' title="bbox 251 4672 285 4722">
    <p class='ocr_par' dir='ltr' id='par_1_4' title="bbox 251 4672 285 4722">
     <span class='ocr_line' id='line_1_38' title="bbox 251 4672 285 4722; baseline 0 0"><span class='ocrx_word' id='word_1_256' title='bbox 251 4672 285 4722; x_wconf 76' lang='lat'>27</span> 
     </span>
    </p>
   </div>
   <div class='ocr_carea' id='block_1_5' title="bbox 0 0 1576 4875">
    <p class='ocr_par' dir='ltr' id='par_1_5' title="bbox 0 0 1576 4875">
     <span class='ocr_line' id='line_1_39' title="bbox 0 0 1576 4875; baseline 0 1"><span class='ocrx_word' id='word_1_257' title='bbox 0 0 1576 4875; x_wconf 95' lang='lat' dir='ltr'> </span> 
     </span>
    </p>
   </div>
  </div>
 </body>
</html>
