3142 4875
600 381 704 430 nervi
733 383 918 432 snxxctscr
1245 384 1318 452 249

200 489 487 498 ...-—-——-·.
652 494 668 498 -.
698 495 702 498 .
744 495 829 499 *xo-m
871 497 876 498 γ
912 496 977 500 7..-

1063 499 1081 503 .μ
1085 499 1318 506 ...φ-..Γ-..ω--α

203 721 329 815 [Quid
339 747 375 793 se
388 722 481 794 scire
499 723 647 793 rutilam
654 724 790 817 fratri
806 724 993 819 respondit
1010 750 1091 796 curn
1106 726 1324 799 hortaretur

430 838 666 909 aristodium
687 839 879 935 latronis}
947 839 1084 912 LXXI.
1106 877 1110 883 ·

286 1073 370 1143 105.
393 1051 597 1124 infirmanti
617 1050 685 1123 sibi
707 1068 745 1125 et
763 1052 928 1148 undique
948 1077 1107 1149 pervaso
1131 1050 1322 1126 doloribus

200 1156 294 1230 dixit
323 1157 525 1254 aliquando
553 1159 677 1231 socius
705 1158 803 1231 eius:
835 1160 956 1244 Pater,
987 1184 1137 1257 semper
1163 1160 1212 1232 ad
1232 1160 1322 1233 scri-

153 1280 169 1342 5
200 1282 328 1363 pturas
348 1265 563 1362 coniugium
585 1264 756 1345 habuisti.
783 1290 934 1363 semper
951 1265 1035 1339 illae
1063 1265 1129 1338 tibi
1149 1265 1321 1340 dolorum

200 1372 408 1468 praebuere
437 1371 613 1446 remedia.
672 1373 758 1456 Fac,
792 1397 869 1457 or0,
900 1389 938 1445 et
967 1399 1064 1446 nunc
1084 1373 1151 1446 tibi
1171 1374 1218 1446 de
1238 1400 1321 1472 pro-

199 1478 323 1574 phetis
350 1478 490 1576 aliquid
519 1478 610 1578 legi;
642 1480 810 1553 fortassis
838 1480 1039 1554 exsultabit
1057 1480 1208 1577 spiritus
1235 1496 1321 1554 tuus

201 1584 237 1657 in
266 1584 443 1658 Domino,
502 1586 572 1659 Cui
601 1602 771 1660 sanctus:
795 1586 941 1660 Bonum
960 1603 1018 1659 est
1037 1587 1321 1687 scripturaete-

200 1690 373 1772 stimonia
392 1694 531 1791 legere,
554 1693 693 1766 bonum
712 1710 770 1766 est
790 1694 982 1766 dominum
1002 1695 1127 1767 Deum
1153 1710 1320 1767 nostrum

129 1811 171 1856 10
200 1799 235 1871 in
266 1799 356 1895 ipsis
383 1799 599 1896 exquirere;
638 1800 726 1872 mihi
755 1825 846 1873 vero
875 1817 1019 1874 tanturn
1050 1800 1121 1874 iam
1156 1800 1236 1897 ipse
1272 1801 1320 1874 de

199 1904 390 2002 scripturis
418 1908 541 2003 adegi,
573 1907 674 2004 quod
696 1907 890 1980 meditanti
918 1923 957 1980 et
984 1908 1189 1981 revolventi
1214 1907 1321 1980 satis·

199 2012 334 2084 simum
363 2029 430 2085 est.
488 2014 574 2087 Non
604 2013 771 2111 pluribus
800 2012 965 2112 indigen,
988 2013 1049 2091 fili.
1105 2013 1192 2087 Scio
1217 2013 1320 2086 Chri·

199 2135 296 2192 stum
324 2144 527 2220 pauperem
557 2120 783 2194 crucifixum.

258 2609 331 2707 [Dc
353 2610 502 2707 gladiis
529 2636 616 2706 quos
650 2611 749 2682 vidit
762 2612 898 2706 frater
923 2610 1109 2709 Pacrficus
1138 2613 1179 2682 in
1207 2636 1271 2684 ore

131 2736 169 2800 15
472 2727 596 2797 sancti
609 2726 834 2824 fulgentes}
894 2726 1049 2799 LXXII.

285 2942 367 3011 106.
399 2938 491 3011 Erat
511 2938 547 3011 in
568 2939 737 3012 Marchia
755 2940 996 3013 Anconitana
1019 2940 1219 3013 saecularis
1242 2939 1319 3035 qui-

199 3045 295 3130 dam,
327 3045 383 3118 sui
413 3046 549 3118 oblitus
577 3061 615 3119 et
642 3046 715 3119 Dei
747 3047 906 3124 nescius.
928 3048 990 3145 qui
1020 3072 1060 3120 se
1089 3063 1208 3119 totum
1237 3071 1320 3143 pro·

199 3151 368 3226 stituerat
396 3151 560 3226 vanitati.
620 3153 835 3227 Vocabatur
864 3180 1000 3227 nomen
1028 3155 1110 3227 eius
1137 3154 1222 3227 Rex
1240 3178 1320 3227 ver-

179 3285 316 3356 suum,
340 3285 386 3333 eo
406 3260 509 3356 qmd
529 3259 704 3358 princeps
733 3261 829 3333 foret
856 3261 993 3334 lasciva
1022 3260 1253 3334 cantantium
1282 3276 1320 3332 et

127 3383 170 3428 20
200 3366 369 3440 inventor
397 3367 643 3440 saecularium
673 3369 898 3441 cantionum.
958 3368 1007 3440 Ut
1035 3368 1164 3465 paucis
1183 3366 1316 3450 dicam,

199 3499 316 3570 usque
345 3474 442 3547 adeo
470 3473 590 3572 gloria
619 3475 746 3547 mundi
772 3475 957 3548 extulerat
987 3475 1186 3560 hominem,
1218 3474 1319 3570 quod

198 3582 245 3654 ab
260 3582 485 3679 imperatore
510 3583 629 3654 luerat
651 3582 937 3678 pomposissime
962 3597 1172 3655 coronatus.
1222 3580 1318 3653 Cum

200 3687 324 3785 itaque
352 3687 404 3760 sic
433 3689 469 3760 in
497 3688 662 3761 tenebris
688 3689 883 3762 ambulans
903 3687 1134 3784 iniquitatem
1154 3688 1320 3760 traheret

199 3794 234 3866 in
256 3793 425 3868 funiculis
445 3795 628 3877 vanitatis,
653 3795 828 3867 miserata
857 3795 982 3868 divina
1002 3796 1120 3891 pietas
1145 3793 1318 3866 miserum

129 3916 168 3982 25
199 3900 341 3999 cogitat
369 3927 557 3985 revocare,
583 3927 629 3974 ne
658 3919 789 3999 pereat
817 3901 878 3998 qui
901 3903 1068 3974 abiectus
1097 3917 1187 3974 erat.
1247 3901 1317 3973 Oc-

198 4024 351 4082 currunt
378 4008 446 4082 sibi
476 4008 635 4081 invicem
655 4009 781 4081 divina
800 4008 1035 4106 providentia
1055 4010 1187 4081 beatus
1206 4008 1320 4080 Fran·

199 4114 319 4188 ciscus
347 4131 384 4188 et
413 4116 493 4213 ipse
522 4117 571 4189 ad
600 4117 790 4212 quoddam
820 4116 1087 4189 monasterium
1112 4140 1317 4211 pauperum

199 4222 432 4295 inclusarum.
487 4222 654 4295 Venerat
674 4224 757 4295 illuc
777 4224 910 4295 beatus
929 4240 1035 4320 pater
1054 4223 1101 4296 ad
1122 4220 1214 4294 filias
1234 4247 1318 4294 cum

274 4448 311 4487 ιι.
332 4437 352 4489 R
373 4435 463 4503 adlegi
537 4448 578 4501 ²3·
599 4434 648 4501 sic]
671 4434 702 4486 ll
720 4436 787 4489 sicut
862 4450 903 4503 25.
924 4437 951 4488 ,ll
972 4448 1042 4489 errat
