3142 4875
217 368 295 437 410
522 370 729 421 TRACI'ATUS
759 373 806 420 DE
835 370 1029 422 MIRACULIS

216 479 418 486 --.-—-..—.....
439 479 1004 487 .-wffl———m—-———-.
1039 482 1102 486 ...k-.-
1118 482 1137 487 .-
1165 480 1247 486 ---.
1264 479 1336 486 ..u——

301 617 384 688 130.
407 594 542 667 Mulier
562 595 758 691 quaedam,
784 594 913 668 Sibilia
934 595 1094 681 nomine,
1118 597 1340 670 caecitatem

215 701 407 775 oculorum
437 727 504 798 per
532 703 657 799 plures
685 727 806 775 annos
840 728 1019 799 perpessa
1047 705 1096 776 ad
1125 702 1339 800 sepulcrum

213 809 282 881 viri
313 809 385 882 Dei
416 833 527 882 caeca
556 809 670 882 tristis
699 809 906 887 adducitur.
981 811 1219 908 Recuperato
1247 835 1340 883 vero

213 915 370 1014 pristino
407 914 557 1000 lumine,
587 916 760 1013 gaudens
796 934 834 988 et
869 915 1061 990 exsultans
1097 918 1250 990 domum
1278 943 1338 990 re·

213 1022 382 1096 vertitur.
1374 1061 1392 1123 5

300 1153 383 1222 131.
413 1129 454 1202 In
470 1145 592 1202 castro
609 1128 689 1201 Vici
704 1128 803 1212 Albi,
818 1130 983 1203 Soranae
1000 1130 1193 1214 dioecesis,
1215 1131 1339 1228 puella

214 1237 397 1333 quaedam
427 1261 449 1309 a
479 1235 670 1309 nativitate
701 1261 823 1320 caeca,
846 1237 894 1309 ad
913 1239 1104 1334 quoddam
1133 1238 1337 1311 oratorium

214 1343 312 1417 beati
333 1342 520 1415 Francisci
541 1368 563 1416 a
583 1360 701 1417 matre
730 1344 921 1439 perducta,
947 1344 1084 1417 Christi
1115 1345 1265 1418 nomine
1285 1345 1337 1417 in-

213 1468 359 1534 vocato,
391 1450 520 1536 visum,
543 1476 655 1547 quem
677 1474 866 1547 nunquam
887 1451 1079 1536 habuerat,
1102 1453 1202 1525 beati
1222 1453 1335 1526 Fran-

213 1582 299 1630 crscr
331 1574 470 1629 mentts
499 1557 633 1629 meruit
661 1557 838 1629 invenire.
1372 1592 1413 1639 10

299 1687 382 1757 13²·
414 1664 454 1736 In
485 1663 633 1737 civitate
661 1664 794 1746 Aretii‚
827 1664 957 1738 mulier
986 1690 1083 1761 quae
1103 1690 1170 1761 per
1188 1682 1335 1762 septem

211 1795 330 1845 annos
360 1796 434 1843 non
453 1770 607 1854 viderat,
640 1771 676 1843 in
705 1769 864 1844 ecclesia
884 1771 982 1844 beati
1007 1771 1196 1846 Francisci
1216 1797 1335 1869 prope

211 1878 398 1951 civitatem
428 1894 641 1950 constructa
669 1878 789 1950 visum
818 1880 995 1952 amissum
1025 1879 1178 1977 recepit.

298 1984 444 2077 133111
464 1985 597 2058 eadem
627 1983 775 2058 civitate
805 1984 899 2058 filius
928 1985 1103 2082 pauperis
1132 1985 1294 2059 mulieris
1314 2012 1337 2058 a

212 2095 323 2165 heato
353 2091 565 2176 Francisco,
597 2091 654 2164 cui
683 2116 769 2164 eum
799 2109 954 2165 voverat
984 2092 1124 2177 mulier,
1157 2092 1337 2166 illumina·
1375 2126 1413 2192 ¹5

213 2216 272 2271 tus
300 2215 369 2271 est.

300 2328 382 2397 134.
424 2305 570 2378 Caecus
607 2306 759 2402 quidam
789 2306 837 2378 de
865 2306 1153 2403 Spe110‚c0ram
1190 2306 1336 2381 tumulo

213 2413 307 2488 sacri
337 2413 512 2510 corporis,
532 2411 650 2486 visum
679 2412 741 2486 diu
771 2412 956 2511 perditum
986 2414 1178 2488 reinvenit.

299 2541 380 2612 135.
413 2520 452 2592 111
473 2519 589 2592 Podio
610 2521 748 2603 Bonizi,
771 2520 1009 2595 Florentinae
1037 2521 1230 2601 dioecesis,
1255 2549 1336 2595 mu-

212 2627 280 2701 lier
298 2627 482 2724 quaedam
501 2652 613 2700 caeca
627 2627 824 2710 exsistens,
843 2653 910 2725 per
923 2628 1189 2701 revelationem
1210 2630 1336 2727 coepit
1370 2662 1413 2707 20

213 2732 403 2808 oraculum
432 2734 622 2830 quoddam
651 2734 751 2807 beati
781 2733 969 2808 Francisci
999 2734 1158 2808 visitare.
1224 2736 1334 2831 Quae

213 2868 296 2914 cum
317 2841 401 2913 illuc
421 2838 545 2913 delata
564 2866 688 2913 coram
708 2841 825 2914 altare
846 2842 1056 2915 miseranda
1076 2844 1223 2928 iaceret,
1249 2869 1334 2915 con·

211 2949 315 3021 tinuo
335 2946 454 3019 visum
475 2947 659 3044 recipiens
687 2950 767 3020 sine
792 2949 887 3021 duce
906 2949 954 3021 ad
971 2948 1121 3046 propria
1140 2949 1332 3023 remeavit.

298 3059 380 3148 136.
411 3053 498 3127 Atia
525 3078 614 3127 vero
644 3054 774 3127 mulier
803 3057 850 3128 de
880 3055 1092 3140 Camerino,
1120 3083 1204 3129 cum
1234 3075 1335 3129 esset

212 3162 356 3235 dexteri
385 3160 481 3234 oculi
510 3161 650 3234 lumine
677 3160 821 3257 privata
842 3188 889 3234 ex
910 3178 1000 3247 totu,
1032 3189 1197 3259 pannum
1220 3188 1333 3260 quem
1366 3196 1408 3261 25

213 3271 344 3342 beatus
364 3266 585 3341 Franciscus
605 3268 781 3366 tetigerat
800 3286 976 3366 parentes
996 3270 1075 3342 eius
1094 3296 1207 3367 supra
1229 3296 1333 3366 prae·

212 3377 352 3449 dictum
382 3375 529 3447 oculum
559 3392 774 3471 posuerunt,
806 3391 843 3447 et
872 3376 924 3449 sic
953 3393 1042 3450 voto
1071 3377 1180 3460 sacto,
1211 3379 1260 3451 de
1279 3404 1333 3451 re·

213 3499 391 3580 cuperato
419 3481 558 3555 lumine
594 3482 758 3555 Domino
788 3483 873 3555 Deo
902 3499 940 3556 et
968 3500 1097 3557 sancto
1131 3482 1333 3558 Francisco

212 3591 354 3689 gratias
382 3589 650 3685 persolverunt.

299 3717 380 3790 137.
412 3695 540 3768 Simile
574 3694 673 3768 aliud
712 3697 859 3769 cuidam
900 3695 1042 3770 mulieri
1080 3700 1128 3771 de
1156 3698 1333 3796 Eugubio
1365 3728 1409 3793 30

212 3804 367 3887 accidit;
397 3828 505 3900 quae,
537 3819 624 3875 voto
654 3804 762 3887 fact0,
795 3804 915 3877 lucem
945 3803 1137 3900 pristinam
1167 3830 1207 3878 se
1227 3806 1332 3880 reha-

211 3914 301 3985 bere
330 3910 498 3984 laetatur.

297 4020 380 4112 138.
413 4016 514 4089 Civis
534 4016 685 4114 quidam
706 4017 754 4089 de
772 4016 929 4104 Assisi0‚
949 4043 1016 4114 per
1036 4018 1333 4116 quinquennium

211 4127 357 4222 perdito
394 4122 532 4196 lumine
565 4124 768 4207 oculorum,
810 4124 871 4219 qui
910 4150 993 4197 eum
1033 4126 1156 4199 adhuc
1191 4126 1334 4201 viveret

211 4235 343 4304 beatus
372 4231 603 4316 Franciscus
635 4230 824 4304 familiaris
853 4232 973 4307 suerat
1001 4231 1045 4316 ei,
1077 4259 1227 4332 semper
1246 4261 1332 4307 cum
1364 4263 1406 4329 35

284 4473 308 4524 8.
329 4473 382 4525 AB
399 4489 450 4529 om.
469 4474 573 4527 Christi
646 4491 686 4546 23.
709 4479 829 4548 propria]
849 4479 903 4532 AB
923 4482 1037 4551 patriam
