3142 4875
615 322 720 371 noan
749 298 935 371 intinctsci
1263 317 1330 373 101

207 433 482 442 -.-.-—-——-——-

208 582 286 653 que
297 557 511 653 patiebatur
526 554 768 641 infirmitates,
779 572 909 653 utpote
920 556 983 653 qui
1000 556 1162 653 perfecte
1174 557 1336 654 ¹castiga-

209 679 319 737 verat
335 689 471 760 corpus
486 689 605 745 suum,
623 679 660 734 et
675 662 764 735 illud
785 663 821 735 in
837 665 1054 736 servitutem
1069 664 1270 760 redegerat
1287 689 1335 736 ex

212 770 340 843 multis
355 771 427 842 iam
443 768 756 866 praecedentibus
774 770 891 843 annis.
950 771 1047 843 Nam
1064 796 1130 867 per
1150 770 1282 843 decem
1298 787 1336 843 et

212 892 301 950 octo
321 902 504 950 annorum
525 875 696 973 spatium,
716 876 817 972 quod
844 891 932 949 tunc
948 894 1028 950 erat
1049 879 1250 973 expletum,
1272 877 1336 949 vix

159 1018 176 1082 5
214 1000 280 1057 aut
296 1009 485 1079 nunquam
502 982 668 1079 requiem
681 984 862 1056 habuerat
877 1009 963 1057 caro
978 1009 1055 1066 sua,
1069 985 1192 1055 varias
1207 1000 1245 1056 et
1259 984 1336 1056 lon·

166 1116 179 1140 ·
213 1091 388 1189 gissimas
399 1090 580 1163 circuiens
591 1090 777 1187 regiones,
790 1092 1180 1187 utspargeretubique
1193 1091 1337 1163 semina

214 1197 319 1269 verbi
343 1196 415 1268 Dei
441 1196 591 1292 spiritus
611 1195 669 1269 ille
689 1214 897 1293 promptus
919 1195 1068 1293 spiritus
1089 1197 1148 1269 ille
1164 1199 1332 1281 devotus,

215 1303 366 1401 spiritus
386 1303 445 1376 ille
475 1304 622 1375 fervens
643 1304 706 1400 qui
735 1330 819 1376 eam
850 1304 1090 1376 inhabitabat.
1150 1304 1336 1401 Replebat

215 1436 366 1484 ornnem
383 1427 519 1484 terram
535 1410 733 1507 evangelio
762 1411 911 1493 Christi,
935 1411 985 1483 ita
1006 1426 1044 1482 ut
1064 1437 1138 1484 una
1166 1412 1227 1483 die
1247 1437 1336 1507 qua·

140 1550 181 1595 ro
214 1534 302 1590 tuor
319 1533 383 1590 aut
403 1518 569 1613 quinque
589 1516 752 1602 castella,
769 1517 829 1590 vel
850 1518 961 1590 etiam
983 1518 1162 1601 civitates
1184 1519 1335 1613 saepius

214 1623 397 1705 circuiret,
417 1624 679 1721 evangelizans
700 1624 899 1721 unicuique
920 1651 1078 1722 regnum
1098 1624 1182 1705 Dei,
1201 1643 1239 1697 et
1260 1650 1334 1697 non

111 1745 112 1748 ’
214 1731 338 1803 minus
366 1730 541 1827 exemplo
566 1756 679 1827 quam
699 1732 815 1804 verbo
834 1732 1036 1804 aedificans
1058 1732 1263 1816 audientes
1287 1733 1334 1804 de

214 1853 296 1910 toto
326 1864 482 1934 corpore
503 1839 641 1911 secer-ut
668 1837 846 1935 linguam,
911 1840 1113 1911 Concordia
1140 1840 1335 1934 utriusque

214 1945 390 2017 hominis
448 1944 572 2017 Tanta
601 1944 699 2017 enim
729 1945 764 2017 in
786 1970 832 2017 eo
853 1945 973 2017 carnis
993 1946 1040 2017 ad
1065 1946 1235 2039 spiritum
1255 1961 1335 2017 erat

139 2084 179 2147 15
213 2053 425 2135 concordia,
458 2068 561 2124 tanta
589 2052 813 2136 obedientia,
847 2053 948 2147 quod
978 2079 1061 2124 cum
1091 2053 1151 2124 ille
1184 2076 1335 2123 omnem

169 2172 174 2179 ’
213 2159 396 2231 niteretur
414 2159 698 2254 apprehendere
727 2158 974 2243 sanctitatem,
999 2159 1078 2255 ipsa
1098 2156 1336 2230 nihilominus

213 2264 439 2337 non‘solum
462 2291 535 2337 non
556 2266 804 2363 repugnabat,
826 2266 894 2338 sed
915 2282 951 2337 et
971 2291 1211 2361 praecurrere
1241 2280 1335 2337 sata-

213 2373 341 2470 gebat,
373 2372 476 2445 iuxta
504 2374 605 2469 quod
634 2373 813 2470 scriptum
843 2389 918 2446 est:
949 2372 1071 2445 Sitivit
1099 2373 1134 2445 in
1155 2389 1192 2445 te
1212 2373 1337 2445 anima

215 2505 310 2562 mea,
343 2495 454 2575 quam
486 2479 736 2577 multipliciter
763 2479 829 2553 tibi
850 2506 936 2553 caro
970 2506 1063 2554 mea.
1122 2480 1336 2553 Assiduitas

140 2619 185 2664 20
214 2611 306 2658 vero
321 2586 561 2659 subiectionis
578 2588 716 2660 lecerat
731 2613 814 2659 eam
835 2588 1092 2669 voluntariam,
1112 2605 1150 2658 et
1177 2614 1225 2659 ex
1246 2612 1336 2682 quo·
1411 2668 1423 2684 ,

214 2693 357 2765 tidiana
385 2692 623 2767 inclinatione
652 2694 707 2766 sui
737 2695 849 2766 situm
878 2695 1180 2790 apprehenderat
1208 2710 1335 2765 tantae

214 2799 371 2882 virtutis,
402 2801 580 2896 quoniam
609 2803 843 2874 consuetudo
872 2826 986 2896 saepe
1019 2802 1175 2872 vertitur
1204 2801 1239 2871 in
1275 2825 1336 2872 na-

214 2923 349 2979 turam.

298 3014 358 3102 98.
390 3013 466 3086 Sed
486 3015 673 3109 quoniam,
697 3016 902 3088 secundum
924 3015 1002 3088 iura
1023 3031 1177 3087 naturae
1210 3016 1337 3086 huma-

137 3151 158 3197 2
166 3154 182 3217 ς
215 3145 362 3215 naeque
391 3120 616 3194 conditionis
637 3122 801 3205 modum,
824 3147 978 3194 necesse
998 3138 1055 3194 est
1078 3122 1180 3217 quod
1208 3122 1256 3193 de
1275 3121 1337 3194 die

215 3227 253 3298 in
290 3226 388 3299 diem
426 3229 539 3300 homo
575 3228 739 3300 exterior
777 3245 1045 3324 corrumpatur,
1083 3216 1177 3300 licet
1208 3229 1237 3300 is
1273 3228 1336 3324 qui

214 3331 315 3406 intus
344 3342 401 3406 est
429 3351 640 3418 renovetur,
677 3334 765 3408 illud
794 3335 1102 3432 pretiosissimum
1132 3334 1333 3418 vasculum,

289 3589 354 3642 t.H
363 3606 412 3642 om.
426 3588 473 3659 qui
510 3586 639 3660 perfecte]
653 3589 686 3642 Os
700 3587 854 3660 frequentet
928 3606 952 3643 2.
966 3590 1012 3644 As
1023 3609 1071 3644 om.
1085 3608 1164 3643 suum
1241 3588 1338 3658 3.AS,

213 3669 245 3722 H
254 3685 303 3721 om.
316 3668 370 3720 iam
445 3684 470 3732 4.
487 3670 516 3721 M
531 3686 580 3722 om,
597 3669 670 3739 quod
685 3681 750 3722 tunc
827 3672 926 3740 5.sua]
944 3671 978 3724 Os
992 3671 1048 3723 eius
1121 3687 1144 3739 7.
1162 3669 1209 3723 AS
1220 3680 1337 3740 prompt.

210 3760 322 3802 sanctus
341 3747 387 3802 ille
442 3750 471 3822 Ε,
483 3763 599 3819 prompt.
620 3750 665 3802 ille
685 3739 755 3802 dev?
827 3752 851 3804 8.
873 3752 909 3815 E,
932 3752 1098 3815 M,Peum
1179 3768 1203 3820 9.
1224 3748 1336 3817 Christi]

212 3829 366 3882 LDotnlni
443 3847 474 3882 ιο
504 3831 606 3884 Osom.
626 3828 768 3882 ueletiam
790 3831 911 3883 civitates
969 3834 1011 3885 Ox
1029 3848 1109 3900 saepe
1188 3847 1225 3883 ιι.
1247 3832 1267 3883 R
1288 3829 1337 3881 cir·

211 3909 305 3961 coibat
353 3909 661 3981 unicuique]Pubique
714 3911 837 3980 et]Hut
922 3911 1008 3976 14.H
1027 3914 1126 3964 etenim
1147 3919 1169 3963 ct
1189 3929 1236 3962 om.
1256 3910 1284 3962 in
1304 3925 1338 3961 eo

217 4005 256 4056 15.
275 3988 370 4043 Hom.
391 4006 504 4044 omnem
589 3988 628 4043 16.
654 3990 795 4059 niteretur]
822 3992 999 4046 Rvidetetur
1085 4008 1122 4059 ¹7·
1143 3993 1180 4058 et]
1210 3990 1230 4042 R
1256 3990 1338 4041 etiam

212 4070 398 4139 praecurrere]
419 4070 465 4124 AS
483 4070 680 4139 procumbere,·
704 4072 726 4124 Ε
744 4071 921 4124 succumbere
1022 4072 1114 4139 17-18¹
1139 4073 1172 4124 02-
1195 4089 1243 4123 om.
1263 4070 1309 4121 sed
1324 4098 1340 4108 -

211 4150 352 4218 satagebat
428 4151 618 4221 19.tibi]Ret
691 4165 732 4204 20.
751 4152 786 4205 Os
802 4169 850 4203 om.
870 4169 935 4204 vero
1009 4167 1102 4205 20-21.
1121 4171 1152 4203 ex
1170 4147 1339 4221 quotidiana]

213 4227 445 4300 Eessfrequenth
460 4230 507 4283 As
518 4248 568 4284 om.
633 4244 675 4282 21.
689 4231 783 4300 situm]
798 4230 845 4285 As
857 4231 978 4284 habitum
987 4250 996 4294 ,·
1011 4232 1040 4284 H
1051 4247 1150 4283 statum
1215 4246 1257 4282 22.
1271 4246 1340 4300 quo·

213 4307 303 4377 niam]
317 4309 363 4363 AS
374 4310 435 4380 quia
490 4310 645 4380 Ossaepius
719 4328 761 4376 24.
775 4311 884 4380 iura]E
895 4313 968 4364 iuxta
1042 4327 1135 4379 24-25.
1150 4312 1195 4364 AS
1207 4312 1337 4380 quoniam

214 4399 324 4459 propter
332 4401 443 4445 naturae
454 4388 591 4443 humanae
603 4390 765 4444 conditionis
833 4390 874 4443 26.
885 4392 919 4460 is]
933 4391 966 4456 L,
979 4391 1059 4445 Phiis
1128 4407 1169 4459 27.
1180 4392 1227 4444 AS
1236 4409 1284 4444 om.
1297 4403 1338 4444 est
