<?xml version="1.0" encoding="UTF-8"?>
<!DOCTYPE html PUBLIC "-//W3C//DTD XHTML 1.0 Transitional//EN"
    "http://www.w3.org/TR/xhtml1/DTD/xhtml1-transitional.dtd">
<html xmlns="http://www.w3.org/1999/xhtml" xml:lang="en" lang="en">
 <head>
  <title>
</title>
<meta http-equiv="Content-Type" content="text/html;charset=utf-8" />
  <meta name='ocr-system' content='tesseract 3.04.00' />
  <meta name='ocr-capabilities' content='ocr_page ocr_carea ocr_par ocr_line ocrx_word'/>
</head>
<body>
  <div class='ocr_page' id='page_1' title='image "./sfrancisciassis00dogoog_0252.png"; bbox 0 0 3142 4875; ppageno 0'>
   <div class='ocr_carea' id='block_1_1' title="bbox 647 317 1013 370">
    <p class='ocr_par' dir='ltr' id='par_1_1' title="bbox 647 317 1013 370">
     <span class='ocr_line' id='line_1_1' title="bbox 647 317 1013 370; baseline 0.011 -6"><span class='ocrx_word' id='word_1_1' title='bbox 647 317 819 368; x_wconf 83' lang='lat' dir='ltr'>LEGENDA</span> <span class='ocrx_word' id='word_1_2' title='bbox 847 320 1013 370; x_wconf 83' lang='lat' dir='ltr'>SECUNDA</span> 
     </span>
    </p>
   </div>
   <div class='ocr_carea' id='block_1_2' title="bbox 655 428 800 435">
    <p class='ocr_par' dir='ltr' id='par_1_2' title="bbox 655 428 800 435">
     <span class='ocr_line' id='line_1_2' title="bbox 655 428 800 435; baseline 0.007 -1"><span class='ocrx_word' id='word_1_3' title='bbox 655 428 800 435; x_wconf 73' lang='lat'><em>—-—..—-</em></span> 
     </span>
    </p>
   </div>
   <div class='ocr_carea' id='block_1_3' title="bbox 535 644 1117 715">
    <p class='ocr_par' dir='ltr' id='par_1_3' title="bbox 535 644 1117 715">
     <span class='ocr_line' id='line_1_3' title="bbox 535 644 1117 715; baseline -0.003 0"><span class='ocrx_word' id='word_1_4' title='bbox 535 648 584 715; x_wconf 83' lang='lat' dir='ltr'><strong>De</strong></span> <span class='ocrx_word' id='word_1_5' title='bbox 602 648 712 715; x_wconf 81' lang='lat' dir='ltr'><strong>Sancta</strong></span> <span class='ocrx_word' id='word_1_6' title='bbox 731 648 839 714; x_wconf 84' lang='lat' dir='ltr'><strong>Mario</strong></span> <span class='ocrx_word' id='word_1_7' title='bbox 858 647 893 714; x_wconf 83' lang='lat' dir='ltr'><strong>dc</strong></span> <span class='ocrx_word' id='word_1_8' title='bbox 913 644 1117 713; x_wconf 83' lang='lat' dir='ltr'><strong>Portiuncula.</strong></span> 
     </span>
    </p>
   </div>
   <div class='ocr_carea' id='block_1_4' title="bbox 267 786 1387 981">
    <p class='ocr_par' dir='ltr' id='par_1_4' title="bbox 267 786 1387 981">
     <span class='ocr_line' id='line_1_4' title="bbox 267 786 1387 857; baseline -0.004 -1"><span class='ocrx_word' id='word_1_9' title='bbox 267 789 333 856; x_wconf 87' lang='lat' dir='ltr'><strong>Sub</strong></span> <span class='ocrx_word' id='word_1_10' title='bbox 350 789 413 857; x_wconf 93' lang='lat' dir='ltr'><strong>hoc</strong></span> <span class='ocrx_word' id='word_1_11' title='bbox 428 790 521 856; x_wconf 92' lang='lat' dir='ltr'><strong>titulo</strong></span> <span class='ocrx_word' id='word_1_12' title='bbox 539 789 721 857; x_wconf 87' lang='lat' dir='ltr'>continetur</span> <span class='ocrx_word' id='word_1_13' title='bbox 736 810 828 855; x_wconf 88' lang='lat' dir='ltr'><strong>amor</strong></span> <span class='ocrx_word' id='word_1_14' title='bbox 842 790 942 854; x_wconf 90' lang='lat' dir='ltr'><strong>sancti</strong></span> <span class='ocrx_word' id='word_1_15' title='bbox 963 788 995 854; x_wconf 90' lang='lat' dir='ltr'><strong>in</strong></span> <span class='ocrx_word' id='word_1_16' title='bbox 1015 810 1056 854; x_wconf 93' lang='lat' dir='ltr'><strong>eo</strong></span> <span class='ocrx_word' id='word_1_17' title='bbox 1072 787 1155 853; x_wconf 84' lang='lat' dir='ltr'><strong>locu.</strong></span> <span class='ocrx_word' id='word_1_18' title='bbox 1172 786 1387 855; x_wconf 88' lang='lat' dir='ltr'><strong>Conversatio</strong></span> 
     </span>
     <span class='ocr_line' id='line_1_5' title="bbox 332 891 1385 981; baseline -0.005 -19"><span class='ocrx_word' id='word_1_19' title='bbox 332 894 465 963; x_wconf 87' lang='lat' dir='ltr'>fratrum</span> <span class='ocrx_word' id='word_1_20' title='bbox 484 896 604 963; x_wconf 88' lang='lat' dir='ltr'>ibidem</span> <span class='ocrx_word' id='word_1_21' title='bbox 624 896 832 963; x_wconf 82' lang='lat' dir='ltr'>morantium.</span> <span class='ocrx_word' id='word_1_22' title='bbox 850 899 953 962; x_wconf 88' lang='lat' dir='ltr'><strong>Amor</strong></span> <span class='ocrx_word' id='word_1_23' title='bbox 968 893 1078 962; x_wconf 89' lang='lat' dir='ltr'><strong>beatae</strong></span> <span class='ocrx_word' id='word_1_24' title='bbox 1093 893 1235 981; x_wconf 87' lang='lat' dir='ltr'><strong>Virginis</strong></span> <span class='ocrx_word' id='word_1_25' title='bbox 1255 891 1385 959; x_wconf 88' lang='lat' dir='ltr'><strong>ibidem.</strong></span> 
     </span>
    </p>
   </div>
   <div class='ocr_carea' id='block_1_5' title="bbox 266 1003 1433 1200">
    <p class='ocr_par' dir='ltr' id='par_1_5' title="bbox 266 1003 1433 1200">
     <span class='ocr_line' id='line_1_6' title="bbox 333 1003 586 1093; baseline -0.004 -22"><span class='ocrx_word' id='word_1_26' title='bbox 333 1025 354 1071; x_wconf 91' lang='lat'><strong>1.</strong></span> <span class='ocrx_word' id='word_1_27' title='bbox 376 1004 473 1093; x_wconf 84' lang='lat' dir='ltr'><strong>(Cap.</strong></span> <span class='ocrx_word' id='word_1_28' title='bbox 493 1003 586 1093; x_wconf 85' lang='lat' dir='ltr'><em>XII).</em></span> 
     </span>
     <span class='ocr_line' id='line_1_7' title="bbox 266 1109 1433 1200; baseline -0.003 -21"><span class='ocrx_word' id='word_1_29' title='bbox 266 1113 317 1179; x_wconf 89' lang='lat' dir='ltr'><strong>De</strong></span> <span class='ocrx_word' id='word_1_30' title='bbox 336 1110 474 1200; x_wconf 88' lang='lat' dir='ltr'><strong>quadam</strong></span> <span class='ocrx_word' id='word_1_31' title='bbox 493 1112 626 1179; x_wconf 87' lang='lat' dir='ltr'><strong>visione.</strong></span> <span class='ocrx_word' id='word_1_32' title='bbox 647 1110 744 1200; x_wconf 85' lang='lat' dir='ltr'><strong>(Cap.</strong></span> <span class='ocrx_word' id='word_1_33' title='bbox 764 1109 876 1199; x_wconf 90' lang='lat' dir='ltr'><em>XIII).</em></span> <span class='ocrx_word' id='word_1_34' title='bbox 997 1180 1000 1183; x_wconf 59' lang='grc'>,</span> <span class='ocrx_word' id='word_1_35' title='bbox 1416 1127 1433 1191; x_wconf 80' lang='lat'>5</span> 
     </span>
    </p>
   </div>
   <div class='ocr_carea' id='block_1_6' title="bbox 421 1306 1227 1399">
    <p class='ocr_par' dir='ltr' id='par_1_6' title="bbox 421 1306 1227 1399">
     <span class='ocr_line' id='line_1_8' title="bbox 421 1306 1227 1399; baseline -0.004 -25"><span class='ocrx_word' id='word_1_36' title='bbox 421 1308 469 1374; x_wconf 84' lang='lat' dir='ltr'><strong>Dc</strong></span> <span class='ocrx_word' id='word_1_37' title='bbox 488 1306 737 1399; x_wconf 80' lang='lat' dir='ltr'><strong>conuers[at]ionc</strong></span> <span class='ocrx_word' id='word_1_38' title='bbox 755 1310 849 1374; x_wconf 78' lang='lat' dir='ltr'><strong>soracti</strong></span> <span class='ocrx_word' id='word_1_39' title='bbox 867 1306 1021 1373; x_wconf 75' lang='lat' dir='ltr'><strong>francisci</strong></span> <span class='ocrx_word' id='word_1_40' title='bbox 1039 1319 1065 1371; x_wconf 85' lang='lat' dir='ltr'><strong>et</strong></span> <span class='ocrx_word' id='word_1_41' title='bbox 1080 1306 1227 1394; x_wconf 75' lang='lat' dir='ltr'><em>fratrum.</em></span> 
     </span>
    </p>
   </div>
   <div class='ocr_carea' id='block_1_7' title="bbox 264 1446 1459 2073">
    <p class='ocr_par' dir='ltr' id='par_1_7' title="bbox 264 1446 1459 2073">
     <span class='ocr_line' id='line_1_9' title="bbox 265 1446 1383 1537; baseline -0.003 -21"><span class='ocrx_word' id='word_1_42' title='bbox 265 1448 332 1516; x_wconf 89' lang='lat' dir='ltr'><strong>Sub</strong></span> <span class='ocrx_word' id='word_1_43' title='bbox 352 1449 415 1516; x_wconf 94' lang='lat' dir='ltr'><strong>hoc</strong></span> <span class='ocrx_word' id='word_1_44' title='bbox 433 1450 527 1516; x_wconf 91' lang='lat' dir='ltr'><strong>titulo</strong></span> <span class='ocrx_word' id='word_1_45' title='bbox 548 1451 729 1516; x_wconf 87' lang='lat' dir='ltr'><strong>continetur</strong></span> <span class='ocrx_word' id='word_1_46' title='bbox 747 1450 835 1537; x_wconf 86' lang='lat' dir='ltr'><strong>rigor</strong></span> <span class='ocrx_word' id='word_1_47' title='bbox 858 1448 1041 1537; x_wconf 91' lang='lat' dir='ltr'><strong>disciplinae</strong></span> <span class='ocrx_word' id='word_1_48' title='bbox 1066 1448 1164 1536; x_wconf 90' lang='lat' dir='ltr'><strong>ipsius</strong></span> <span class='ocrx_word' id='word_1_49' title='bbox 1187 1466 1219 1514; x_wconf 91' lang='lat' dir='ltr'><strong>et</strong></span> <span class='ocrx_word' id='word_1_50' title='bbox 1242 1446 1383 1514; x_wconf 84' lang='lat' dir='ltr'>fratrum.</span> 
     </span>
     <span class='ocr_line' id='line_1_10' title="bbox 330 1556 595 1647; baseline 0.004 -25"><span class='ocrx_word' id='word_1_51' title='bbox 330 1578 352 1623; x_wconf 91' lang='lat' dir='ltr'><strong>r.</strong></span> <span class='ocrx_word' id='word_1_52' title='bbox 373 1556 469 1647; x_wconf 84' lang='lat' dir='ltr'><strong>(Cap.</strong></span> <span class='ocrx_word' id='word_1_53' title='bbox 489 1557 595 1647; x_wconf 88' lang='lat' dir='ltr'><em>XIV).</em></span> 
     </span>
     <span class='ocr_line' id='line_1_11' title="bbox 265 1662 940 1753; baseline -0.003 -23"><span class='ocrx_word' id='word_1_54' title='bbox 265 1665 316 1731; x_wconf 89' lang='lat' dir='ltr'><strong>De</strong></span> <span class='ocrx_word' id='word_1_55' title='bbox 335 1662 525 1731; x_wconf 87' lang='lat' dir='ltr'><strong>discretione</strong></span> <span class='ocrx_word' id='word_1_56' title='bbox 545 1666 655 1731; x_wconf 91' lang='lat' dir='ltr'><strong>sancti.</strong></span> <span class='ocrx_word' id='word_1_57' title='bbox 678 1685 711 1731; x_wconf 92' lang='lat'><strong>11.</strong></span> <span class='ocrx_word' id='word_1_58' title='bbox 732 1664 828 1753; x_wconf 84' lang='lat' dir='ltr'><strong>(Cap.</strong></span> <span class='ocrx_word' id='word_1_59' title='bbox 849 1663 940 1753; x_wconf 89' lang='lat' dir='ltr'><strong>XV)</strong></span> 
     </span>
     <span class='ocr_line' id='line_1_12' title="bbox 265 1767 1459 1858; baseline -0.005 -21"><span class='ocrx_word' id='word_1_60' title='bbox 265 1772 314 1837; x_wconf 89' lang='lat' dir='ltr'><strong>De</strong></span> <span class='ocrx_word' id='word_1_61' title='bbox 343 1769 544 1857; x_wconf 89' lang='lat' dir='ltr'><strong>providentia</strong></span> <span class='ocrx_word' id='word_1_62' title='bbox 570 1770 752 1838; x_wconf 85' lang='lat' dir='ltr'><strong>fututorum</strong></span> <span class='ocrx_word' id='word_1_63' title='bbox 779 1790 812 1837; x_wconf 90' lang='lat' dir='ltr'><strong>et</strong></span> <span class='ocrx_word' id='word_1_64' title='bbox 838 1771 973 1858; x_wconf 85' lang='lat' dir='ltr'><strong>qualiter</strong></span> <span class='ocrx_word' id='word_1_65' title='bbox 1001 1770 1193 1857; x_wconf 85' lang='lat' dir='ltr'><strong>religionem</strong></span> <span class='ocrx_word' id='word_1_66' title='bbox 1222 1767 1385 1835; x_wconf 87' lang='lat' dir='ltr'><strong>commisit</strong></span> <span class='ocrx_word' id='word_1_67' title='bbox 1418 1782 1459 1831; x_wconf 92' lang='lat'><strong>10</strong></span> 
     </span>
     <span class='ocr_line' id='line_1_13' title="bbox 331 1873 1383 1966; baseline -0.004 -21"><span class='ocrx_word' id='word_1_68' title='bbox 331 1879 499 1945; x_wconf 88' lang='lat' dir='ltr'><strong>Romanae</strong></span> <span class='ocrx_word' id='word_1_69' title='bbox 514 1877 675 1944; x_wconf 86' lang='lat' dir='ltr'><strong>Ecclesiae</strong></span> <span class='ocrx_word' id='word_1_70' title='bbox 690 1897 722 1945; x_wconf 89' lang='lat' dir='ltr'><strong>et</strong></span> <span class='ocrx_word' id='word_1_71' title='bbox 737 1878 776 1945; x_wconf 89' lang='lat' dir='ltr'><strong>de</strong></span> <span class='ocrx_word' id='word_1_72' title='bbox 792 1877 928 1965; x_wconf 90' lang='lat' dir='ltr'><strong>quadam</strong></span> <span class='ocrx_word' id='word_1_73' title='bbox 948 1878 1081 1943; x_wconf 86' lang='lat' dir='ltr'><strong>visione.</strong></span> <span class='ocrx_word' id='word_1_74' title='bbox 1100 1897 1144 1943; x_wconf 89' lang='lat' dir='ltr'><strong>ur.</strong></span> <span class='ocrx_word' id='word_1_75' title='bbox 1162 1875 1259 1966; x_wconf 83' lang='lat' dir='ltr'><strong>(Cup.</strong></span> <span class='ocrx_word' id='word_1_76' title='bbox 1275 1873 1383 1964; x_wconf 85' lang='lat' dir='ltr'><em>XVI).</em></span> 
     </span>
     <span class='ocr_line' id='line_1_14' title="bbox 264 1980 1382 2073; baseline -0.004 -22"><span class='ocrx_word' id='word_1_77' title='bbox 264 1983 413 2065; x_wconf 81' lang='lat' dir='ltr'><strong>Qualiter</strong></span> <span class='ocrx_word' id='word_1_78' title='bbox 425 1983 620 2072; x_wconf 90' lang='lat' dir='ltr'><strong>Episcopum</strong></span> <span class='ocrx_word' id='word_1_79' title='bbox 639 1985 848 2051; x_wconf 90' lang='lat' dir='ltr'><strong>Hostieusem</strong></span> <span class='ocrx_word' id='word_1_80' title='bbox 862 2008 920 2073; x_wconf 93' lang='lat' dir='ltr'><strong>pro</strong></span> <span class='ocrx_word' id='word_1_81' title='bbox 934 1985 1021 2072; x_wconf 89' lang='lat' dir='ltr'><strong>Papa</strong></span> <span class='ocrx_word' id='word_1_82' title='bbox 1035 1983 1134 2072; x_wconf 88' lang='lat' dir='ltr'><strong>petiit.</strong></span> <span class='ocrx_word' id='word_1_83' title='bbox 1148 1983 1246 2073; x_wconf 80' lang='lat' dir='ltr'><strong>(Cap.</strong></span> <span class='ocrx_word' id='word_1_84' title='bbox 1258 1980 1382 2072; x_wconf 84' lang='lat' dir='ltr'><em>XVII).</em></span> 
     </span>
    </p>
   </div>
   <div class='ocr_carea' id='block_1_8' title="bbox 513 2268 1127 2356">
    <p class='ocr_par' dir='ltr' id='par_1_8' title="bbox 513 2268 1127 2356">
     <span class='ocr_line' id='line_1_15' title="bbox 513 2268 1127 2356; baseline 0 -23"><span class='ocrx_word' id='word_1_85' title='bbox 513 2268 701 2334; x_wconf 83' lang='lat' dir='ltr'><strong>introitus</strong></span> <span class='ocrx_word' id='word_1_86' title='bbox 726 2269 769 2334; x_wconf 86' lang='lat' dir='ltr'><strong>ad</strong></span> <span class='ocrx_word' id='word_1_87' title='bbox 794 2268 1003 2335; x_wconf 89' lang='lat' dir='ltr'><strong>secundum</strong></span> <span class='ocrx_word' id='word_1_88' title='bbox 1023 2291 1127 2356; x_wconf 77' lang='lat' dir='ltr'><strong>opus,</strong></span> 
     </span>
    </p>
   </div>
   <div class='ocr_carea' id='block_1_9' title="bbox 261 2453 1380 2546">
    <p class='ocr_par' dir='ltr' id='par_1_9' title="bbox 261 2453 1380 2546">
     <span class='ocr_line' id='line_1_16' title="bbox 261 2453 1380 2546; baseline 0.002 -27"><span class='ocrx_word' id='word_1_89' title='bbox 261 2454 308 2519; x_wconf 85' lang='lat' dir='ltr'><strong>Dc</strong></span> <span class='ocrx_word' id='word_1_90' title='bbox 331 2456 436 2542; x_wconf 84' lang='lat' dir='ltr'><strong>spiritu</strong></span> <span class='ocrx_word' id='word_1_91' title='bbox 454 2455 625 2543; x_wconf 71' lang='lat' dir='ltr'><strong>prophetice</strong></span> <span class='ocrx_word' id='word_1_92' title='bbox 649 2479 733 2544; x_wconf 80' lang='lat' dir='ltr'><strong>quent</strong></span> <span class='ocrx_word' id='word_1_93' title='bbox 759 2456 859 2521; x_wconf 72' lang='lat' dir='ltr'><strong>litatus</strong></span> <span class='ocrx_word' id='word_1_94' title='bbox 878 2455 1054 2523; x_wconf 84' lang='lat' dir='ltr'><strong>Franciscus</strong></span> <span class='ocrx_word' id='word_1_95' title='bbox 1073 2456 1186 2523; x_wconf 83' lang='lat' dir='ltr'><strong>babuit.</strong></span> <span class='ocrx_word' id='word_1_96' title='bbox 1211 2455 1307 2546; x_wconf 82' lang='lat' dir='ltr'><strong>(Cup.</strong></span> <span class='ocrx_word' id='word_1_97' title='bbox 1332 2453 1380 2543; x_wconf 93' lang='lat' dir='ltr'><strong>I)</strong></span> 
     </span>
    </p>
   </div>
   <div class='ocr_carea' id='block_1_10' title="bbox 211 2596 1452 4187">
    <p class='ocr_par' dir='ltr' id='par_1_10' title="bbox 211 2596 1452 3006">
     <span class='ocr_line' id='line_1_17' title="bbox 211 2596 1452 2688; baseline 0.001 -23"><span class='ocrx_word' id='word_1_98' title='bbox 211 2642 212 2646; x_wconf 59' lang='lat'><em>=</em></span> <span class='ocrx_word' id='word_1_99' title='bbox 261 2596 326 2665; x_wconf 83' lang='lat' dir='ltr'><strong>Sub</strong></span> <span class='ocrx_word' id='word_1_100' title='bbox 346 2597 410 2663; x_wconf 90' lang='lat' dir='ltr'><strong>hoc</strong></span> <span class='ocrx_word' id='word_1_101' title='bbox 433 2597 526 2664; x_wconf 93' lang='lat' dir='ltr'><strong>titulo</strong></span> <span class='ocrx_word' id='word_1_102' title='bbox 545 2600 729 2664; x_wconf 89' lang='lat' dir='ltr'><strong>continetur</strong></span> <span class='ocrx_word' id='word_1_103' title='bbox 750 2599 854 2686; x_wconf 90' lang='lat' dir='ltr'><strong>primo</strong></span> <span class='ocrx_word' id='word_1_104' title='bbox 873 2599 961 2688; x_wconf 91' lang='lat' dir='ltr'><strong>quod</strong></span> <span class='ocrx_word' id='word_1_105' title='bbox 985 2599 1095 2666; x_wconf 88' lang='lat' dir='ltr'><strong>beatus</strong></span> <span class='ocrx_word' id='word_1_106' title='bbox 1118 2596 1249 2665; x_wconf 84' lang='lat' dir='ltr'><strong>fratrem</strong></span> <span class='ocrx_word' id='word_1_107' title='bbox 1267 2621 1381 2687; x_wconf 89' lang='lat' dir='ltr'><strong>quem·</strong></span> <span class='ocrx_word' id='word_1_108' title='bbox 1413 2620 1452 2686; x_wconf 87' lang='lat'><strong>15</strong></span> 
     </span>
     <span class='ocr_line' id='line_1_18' title="bbox 326 2702 1380 2793; baseline 0.003 -24"><span class='ocrx_word' id='word_1_109' title='bbox 326 2702 403 2769; x_wconf 91' lang='lat' dir='ltr'><strong>dam</strong></span> <span class='ocrx_word' id='word_1_110' title='bbox 426 2705 480 2791; x_wconf 92' lang='lat' dir='ltr'><strong>qui</strong></span> <span class='ocrx_word' id='word_1_111' title='bbox 504 2703 674 2791; x_wconf 87' lang='lat' dir='ltr'><strong>putabatur</strong></span> <span class='ocrx_word' id='word_1_112' title='bbox 695 2724 824 2772; x_wconf 90' lang='lat' dir='ltr'><strong>sanctus</strong></span> <span class='ocrx_word' id='word_1_113' title='bbox 853 2704 968 2771; x_wconf 85' lang='lat' dir='ltr'><strong>falsum</strong></span> <span class='ocrx_word' id='word_1_114' title='bbox 993 2705 1061 2772; x_wconf 77' lang='lat' dir='ltr'><strong>ess&#39;e</strong></span> <span class='ocrx_word' id='word_1_115' title='bbox 1086 2706 1259 2793; x_wconf 85' lang='lat' dir='ltr'><strong>cognovit;</strong></span> <span class='ocrx_word' id='word_1_116' title='bbox 1286 2704 1380 2772; x_wconf 88' lang='lat' dir='ltr'><strong>etde</strong></span> 
     </span>
     <span class='ocr_line' id='line_1_19' title="bbox 326 2811 1379 2901; baseline 0.004 -27"><span class='ocrx_word' id='word_1_117' title='bbox 326 2812 406 2878; x_wconf 92' lang='lat' dir='ltr'><strong>vitio</strong></span> <span class='ocrx_word' id='word_1_118' title='bbox 434 2812 670 2899; x_wconf 86' lang='lat' dir='ltr'><strong>singularitatis.</strong></span> <span class='ocrx_word' id='word_1_119' title='bbox 701 2811 797 2901; x_wconf 84' lang='lat' dir='ltr'><strong>(Cup.</strong></span> <span class='ocrx_word' id='word_1_120' title='bbox 827 2811 893 2901; x_wconf 92' lang='lat' dir='ltr'><strong>II).</strong></span> <span class='ocrx_word' id='word_1_121' title='bbox 919 2812 1031 2878; x_wconf 88' lang='lat' dir='ltr'><strong>Simile</strong></span> <span class='ocrx_word' id='word_1_122' title='bbox 1060 2813 1098 2880; x_wconf 90' lang='lat' dir='ltr'><strong>de</strong></span> <span class='ocrx_word' id='word_1_123' title='bbox 1127 2812 1189 2878; x_wconf 91' lang='lat' dir='ltr'><strong>alio</strong></span> <span class='ocrx_word' id='word_1_124' title='bbox 1218 2811 1307 2879; x_wconf 83' lang='lat' dir='ltr'><strong>dixit.</strong></span> <span class='ocrx_word' id='word_1_125' title='bbox 1332 2833 1379 2879; x_wconf 88' lang='lat'><strong>111.</strong></span> 
     </span>
     <span class='ocr_line' id='line_1_20' title="bbox 327 2916 524 3006; baseline -0.01 -22"><span class='ocrx_word' id='word_1_126' title='bbox 327 2916 424 3006; x_wconf 86' lang='lat' dir='ltr'><strong>(Cup.</strong></span> <span class='ocrx_word' id='word_1_127' title='bbox 441 2917 524 3006; x_wconf 90' lang='lat' dir='ltr'><em>III).</em></span> 
     </span>
    </p>

    <p class='ocr_par' dir='ltr' id='par_1_11' title="bbox 260 3024 1449 3222">
     <span class='ocr_line' id='line_1_21' title="bbox 260 3024 1379 3117; baseline 0 -24"><span class='ocrx_word' id='word_1_128' title='bbox 260 3025 443 3108; x_wconf 91' lang='lat' dir='ltr'><strong>Quomodo</strong></span> <span class='ocrx_word' id='word_1_129' title='bbox 463 3026 546 3114; x_wconf 90' lang='lat' dir='ltr'><strong>apud</strong></span> <span class='ocrx_word' id='word_1_130' title='bbox 568 3027 752 3092; x_wconf 89' lang='lat' dir='ltr'><strong>Damiatam</strong></span> <span class='ocrx_word' id='word_1_131' title='bbox 774 3025 1031 3093; x_wconf 86' lang='lat' dir='ltr'><strong>Christianorum</strong></span> <span class='ocrx_word' id='word_1_132' title='bbox 1051 3024 1220 3117; x_wconf 84' lang='lat' dir='ltr'><strong>futura[m]</strong></span> <span class='ocrx_word' id='word_1_133' title='bbox 1239 3046 1379 3115; x_wconf 87' lang='lat' dir='ltr'><strong>stragem</strong></span> 
     </span>
     <span class='ocr_line' id='line_1_22' title="bbox 324 3131 1449 3222; baseline 0.001 -22"><span class='ocrx_word' id='word_1_134' title='bbox 324 3132 490 3219; x_wconf 82' lang='lat' dir='ltr'><strong>praedixit.</strong></span> <span class='ocrx_word' id='word_1_135' title='bbox 510 3152 568 3199; x_wconf 86' lang='lat'><strong>1111.</strong></span> <span class='ocrx_word' id='word_1_136' title='bbox 589 3131 684 3221; x_wconf 83' lang='lat' dir='ltr'><strong>(Cap.</strong></span> <span class='ocrx_word' id='word_1_137' title='bbox 705 3132 783 3222; x_wconf 91' lang='lat' dir='ltr'><strong>IV).</strong></span> <span class='ocrx_word' id='word_1_138' title='bbox 1407 3154 1449 3201; x_wconf 87' lang='lat'><strong>20</strong></span> 
     </span>
    </p>

    <p class='ocr_par' dir='ltr' id='par_1_12' title="bbox 260 3237 1234 3330">
     <span class='ocr_line' id='line_1_23' title="bbox 260 3237 1234 3330; baseline -0.004 -22"><span class='ocrx_word' id='word_1_139' title='bbox 260 3242 310 3308; x_wconf 92' lang='lat' dir='ltr'><strong>De</strong></span> <span class='ocrx_word' id='word_1_140' title='bbox 330 3237 421 3306; x_wconf 87' lang='lat' dir='ltr'><strong>fratre</strong></span> <span class='ocrx_word' id='word_1_141' title='bbox 442 3240 532 3306; x_wconf 90' lang='lat' dir='ltr'><strong>cuius</strong></span> <span class='ocrx_word' id='word_1_142' title='bbox 553 3240 656 3306; x_wconf 92' lang='lat' dir='ltr'><strong>cordis</strong></span> <span class='ocrx_word' id='word_1_143' title='bbox 676 3239 862 3306; x_wconf 89' lang='lat' dir='ltr'><strong>abscondita</strong></span> <span class='ocrx_word' id='word_1_144' title='bbox 881 3242 983 3307; x_wconf 92' lang='lat' dir='ltr'><strong>scivit.</strong></span> <span class='ocrx_word' id='word_1_145' title='bbox 1003 3260 1035 3306; x_wconf 87' lang='grc' dir='ltr'><strong>ν.</strong></span> <span class='ocrx_word' id='word_1_146' title='bbox 1055 3239 1151 3330; x_wconf 88' lang='lat' dir='ltr'><strong>(Cap.</strong></span> <span class='ocrx_word' id='word_1_147' title='bbox 1176 3239 1234 3329; x_wconf 91' lang='lat' dir='ltr'><strong>V)</strong></span> 
     </span>
    </p>

    <p class='ocr_par' dir='ltr' id='par_1_13' title="bbox 259 3344 1378 3544">
     <span class='ocr_line' id='line_1_24' title="bbox 259 3344 1378 3436; baseline 0.001 -22"><span class='ocrx_word' id='word_1_148' title='bbox 259 3348 308 3414; x_wconf 88' lang='lat' dir='ltr'><strong>De</strong></span> <span class='ocrx_word' id='word_1_149' title='bbox 328 3344 474 3414; x_wconf 88' lang='lat' dir='ltr'><strong>fratribus</strong></span> <span class='ocrx_word' id='word_1_150' title='bbox 493 3368 588 3434; x_wconf 89' lang='lat' dir='ltr'><strong>super</strong></span> <span class='ocrx_word' id='word_1_151' title='bbox 607 3369 689 3436; x_wconf 91' lang='lat' dir='ltr'><strong>quos</strong></span> <span class='ocrx_word' id='word_1_152' title='bbox 708 3346 871 3414; x_wconf 89' lang='lat' dir='ltr'><strong>diabolum</strong></span> <span class='ocrx_word' id='word_1_153' title='bbox 894 3347 972 3413; x_wconf 90' lang='lat' dir='ltr'><strong>vidit</strong></span> <span class='ocrx_word' id='word_1_154' title='bbox 992 3366 1023 3415; x_wconf 92' lang='lat' dir='ltr'><strong>et</strong></span> <span class='ocrx_word' id='word_1_155' title='bbox 1039 3348 1078 3414; x_wconf 93' lang='lat' dir='ltr'><strong>de</strong></span> <span class='ocrx_word' id='word_1_156' title='bbox 1095 3347 1378 3416; x_wconf 87' lang='lat' dir='ltr'><strong>commendatione</strong></span> 
     </span>
     <span class='ocr_line' id='line_1_25' title="bbox 323 3454 744 3544; baseline -0.002 -24"><span class='ocrx_word' id='word_1_157' title='bbox 323 3455 463 3521; x_wconf 90' lang='lat' dir='ltr'><strong>unitatis.</strong></span> <span class='ocrx_word' id='word_1_158' title='bbox 484 3475 528 3520; x_wconf 84' lang='lat' dir='ltr'><strong>vt.</strong></span> <span class='ocrx_word' id='word_1_159' title='bbox 550 3454 646 3544; x_wconf 85' lang='lat' dir='ltr'><strong>(Cup.</strong></span> <span class='ocrx_word' id='word_1_160' title='bbox 670 3454 744 3544; x_wconf 93' lang='lat' dir='ltr'><strong>VI).</strong></span> 
     </span>
    </p>

    <p class='ocr_par' dir='ltr' id='par_1_14' title="bbox 257 3560 1446 3867">
     <span class='ocr_line' id='line_1_26' title="bbox 257 3560 1377 3651; baseline 0.002 -24"><span class='ocrx_word' id='word_1_161' title='bbox 257 3560 439 3640; x_wconf 91' lang='lat' dir='ltr'><strong>Quomodo</strong></span> <span class='ocrx_word' id='word_1_162' title='bbox 460 3563 609 3627; x_wconf 90' lang='lat' dir='ltr'><strong>homines</strong></span> <span class='ocrx_word' id='word_1_163' title='bbox 630 3562 669 3628; x_wconf 93' lang='lat' dir='ltr'><strong>de</strong></span> <span class='ocrx_word' id='word_1_164' title='bbox 689 3561 827 3628; x_wconf 88' lang='lat' dir='ltr'><strong>Graecio</strong></span> <span class='ocrx_word' id='word_1_165' title='bbox 847 3585 864 3626; x_wconf 93' lang='lat' dir='ltr'><strong>a</strong></span> <span class='ocrx_word' id='word_1_166' title='bbox 883 3562 1031 3650; x_wconf 90' lang='lat' dir='ltr'><strong>luporum</strong></span> <span class='ocrx_word' id='word_1_167' title='bbox 1055 3562 1213 3629; x_wconf 88' lang='lat' dir='ltr'><strong>morsibus</strong></span> <span class='ocrx_word' id='word_1_168' title='bbox 1233 3581 1265 3629; x_wconf 89' lang='lat' dir='ltr'><strong>et</strong></span> <span class='ocrx_word' id='word_1_169' title='bbox 1284 3586 1377 3651; x_wconf 87' lang='lat' dir='ltr'><strong>gran·</strong></span> 
     </span>
     <span class='ocr_line' id='line_1_27' title="bbox 322 3668 1446 3758; baseline -0.003 -23"><span class='ocrx_word' id='word_1_170' title='bbox 322 3669 397 3736; x_wconf 89' lang='lat' dir='ltr'><strong>dine</strong></span> <span class='ocrx_word' id='word_1_171' title='bbox 416 3668 560 3735; x_wconf 89' lang='lat' dir='ltr'><strong>liberavit</strong></span> <span class='ocrx_word' id='word_1_172' title='bbox 580 3688 611 3735; x_wconf 93' lang='lat' dir='ltr'><strong>et</strong></span> <span class='ocrx_word' id='word_1_173' title='bbox 628 3690 683 3735; x_wconf 93' lang='lat' dir='ltr'><strong>eos</strong></span> <span class='ocrx_word' id='word_1_174' title='bbox 702 3688 831 3756; x_wconf 86' lang='lat' dir='ltr'><strong>propter</strong></span> <span class='ocrx_word' id='word_1_175' title='bbox 849 3670 1114 3756; x_wconf 89' lang='lat' dir='ltr'><strong>ingratitudinem</strong></span> <span class='ocrx_word' id='word_1_176' title='bbox 1131 3670 1287 3737; x_wconf 85' lang='lat' dir='ltr'><strong>deteriora</strong></span> <span class='ocrx_word' id='word_1_177' title='bbox 1307 3692 1377 3758; x_wconf 87' lang='lat' dir='ltr'><strong>pas·</strong></span> <span class='ocrx_word' id='word_1_178' title='bbox 1406 3685 1446 3753; x_wconf 86' lang='lat'><strong>25</strong></span> 
     </span>
     <span class='ocr_line' id='line_1_28' title="bbox 321 3774 938 3867; baseline 0 -26"><span class='ocrx_word' id='word_1_179' title='bbox 321 3775 442 3867; x_wconf 78' lang='lat' dir='ltr'><strong>sur[o)s</strong></span> <span class='ocrx_word' id='word_1_180' title='bbox 462 3776 628 3863; x_wconf 83' lang='lat' dir='ltr'><strong>praedixit.</strong></span> <span class='ocrx_word' id='word_1_181' title='bbox 648 3795 704 3842; x_wconf 88' lang='lat' dir='ltr'><strong>vtt.</strong></span> <span class='ocrx_word' id='word_1_182' title='bbox 726 3774 823 3864; x_wconf 83' lang='lat' dir='ltr'><strong>(Cup.</strong></span> <span class='ocrx_word' id='word_1_183' title='bbox 847 3775 938 3865; x_wconf 92' lang='lat' dir='ltr'><em>VII).</em></span> 
     </span>
    </p>

    <p class='ocr_par' dir='ltr' id='par_1_15' title="bbox 256 3882 1376 4187">
     <span class='ocr_line' id='line_1_29' title="bbox 256 3882 1376 3972; baseline 0.001 -23"><span class='ocrx_word' id='word_1_184' title='bbox 256 3883 437 3966; x_wconf 90' lang='lat' dir='ltr'><strong>Quomodo</strong></span> <span class='ocrx_word' id='word_1_185' title='bbox 458 3883 616 3950; x_wconf 88' lang='lat' dir='ltr'><strong>Perusinis</strong></span> <span class='ocrx_word' id='word_1_186' title='bbox 637 3882 821 3971; x_wconf 89' lang='lat' dir='ltr'><strong>praedicans</strong></span> <span class='ocrx_word' id='word_1_187' title='bbox 841 3902 969 3971; x_wconf 92' lang='lat' dir='ltr'><strong>propter</strong></span> <span class='ocrx_word' id='word_1_188' title='bbox 989 3885 1168 3951; x_wconf 90' lang='lat' dir='ltr'><strong>vicinorum</strong></span> <span class='ocrx_word' id='word_1_189' title='bbox 1188 3886 1376 3972; x_wconf 86' lang='lat' dir='ltr'><strong>gravamina</strong></span> 
     </span>
     <span class='ocr_line' id='line_1_30' title="bbox 319 3988 1375 4076; baseline 0 -21"><span class='ocrx_word' id='word_1_190' title='bbox 319 3988 460 4055; x_wconf 87' lang='lat' dir='ltr'><strong>futuram</strong></span> <span class='ocrx_word' id='word_1_191' title='bbox 480 3989 511 4056; x_wconf 92' lang='lat' dir='ltr'><strong>iu</strong></span> <span class='ocrx_word' id='word_1_192' title='bbox 529 3989 573 4054; x_wconf 91' lang='lat' dir='ltr'><strong>eis</strong></span> <span class='ocrx_word' id='word_1_193' title='bbox 593 3990 786 4056; x_wconf 88' lang='lat' dir='ltr'><strong>seditionem</strong></span> <span class='ocrx_word' id='word_1_194' title='bbox 807 3988 972 4076; x_wconf 88' lang='lat' dir='ltr'><strong>praedixit,</strong></span> <span class='ocrx_word' id='word_1_195' title='bbox 987 4009 1018 4056; x_wconf 93' lang='lat' dir='ltr'><strong>et</strong></span> <span class='ocrx_word' id='word_1_196' title='bbox 1033 3989 1073 4056; x_wconf 92' lang='lat' dir='ltr'><strong>de</strong></span> <span class='ocrx_word' id='word_1_197' title='bbox 1091 3989 1375 4057; x_wconf 87' lang='lat' dir='ltr'><strong>commendatione</strong></span> 
     </span>
     <span class='ocr_line' id='line_1_31' title="bbox 320 4095 1034 4187; baseline 0 -24"><span class='ocrx_word' id='word_1_198' title='bbox 320 4096 448 4163; x_wconf 87' lang='lat' dir='ltr'><strong>unitatis</strong></span> <span class='ocrx_word' id='word_1_199' title='bbox 469 4098 499 4162; x_wconf 89' lang='lat' dir='ltr'><strong>in</strong></span> <span class='ocrx_word' id='word_1_200' title='bbox 525 4095 695 4183; x_wconf 89' lang='lat' dir='ltr'><strong>republica.</strong></span> <span class='ocrx_word' id='word_1_201' title='bbox 715 4117 785 4164; x_wconf 84' lang='lat' dir='ltr'><strong>vttt.</strong></span> <span class='ocrx_word' id='word_1_202' title='bbox 806 4097 903 4187; x_wconf 84' lang='lat' dir='ltr'><strong>(Cup.</strong></span> <span class='ocrx_word' id='word_1_203' title='bbox 926 4096 1034 4185; x_wconf 85' lang='lat' dir='ltr'><em>VIII).</em></span> 
     </span>
    </p>
   </div>
   <div class='ocr_carea' id='block_1_11' title="bbox 258 4288 1373 4443">
    <p class='ocr_par' dir='ltr' id='par_1_16' title="bbox 258 4288 1373 4443">
     <span class='ocr_line' id='line_1_32' title="bbox 273 4288 1373 4364; baseline 0.005 -21"><span class='ocrx_word' id='word_1_204' title='bbox 273 4288 349 4343; x_wconf 69' lang='lat'><strong>&#39;6.</strong></span> <span class='ocrx_word' id='word_1_205' title='bbox 369 4293 393 4344; x_wconf 86' lang='grc' dir='ltr'><em>Α</em></span> <span class='ocrx_word' id='word_1_206' title='bbox 414 4295 592 4345; x_wconf 85' lang='lat' dir='ltr'><strong>conversione</strong></span> <span class='ocrx_word' id='word_1_207' title='bbox 702 4309 740 4347; x_wconf 93' lang='lat'><strong>10.</strong></span> <span class='ocrx_word' id='word_1_208' title='bbox 761 4293 781 4346; x_wconf 89' lang='lat' dir='ltr'><em>R</em></span> <span class='ocrx_word' id='word_1_209' title='bbox 803 4295 983 4364; x_wconf 85' lang='lat' dir='ltr'><strong>praevidentia</strong></span> <span class='ocrx_word' id='word_1_210' title='bbox 1099 4296 1373 4361; x_wconf 80' lang='lat' dir='ltr'><strong>15.Rom.lratrem</strong></span> 
     </span>
     <span class='ocr_line' id='line_1_33' title="bbox 258 4369 807 4443; baseline 0.011 -23"><span class='ocrx_word' id='word_1_211' title='bbox 258 4383 296 4435; x_wconf 85' lang='lat'><strong>19.</strong></span> <span class='ocrx_word' id='word_1_212' title='bbox 316 4370 340 4421; x_wconf 85' lang='grc' dir='ltr'><em>Α</em></span> <span class='ocrx_word' id='word_1_213' title='bbox 359 4369 447 4422; x_wconf 83' lang='lat' dir='ltr'><strong>futura</strong></span> <span class='ocrx_word' id='word_1_214' title='bbox 520 4371 613 4440; x_wconf 75' lang='lat'><strong>25-26.</strong></span> <span class='ocrx_word' id='word_1_215' title='bbox 635 4375 658 4426; x_wconf 75' lang='lat' dir='ltr'><em>A</em></span> <span class='ocrx_word' id='word_1_216' title='bbox 679 4390 807 4443; x_wconf 86' lang='lat' dir='ltr'><strong>passurus</strong></span> 
     </span>
    </p>
   </div>
   <div class='ocr_carea' id='block_1_12' title="bbox 0 0 1576 4875">
    <p class='ocr_par' dir='ltr' id='par_1_17' title="bbox 0 0 1576 4875">
     <span class='ocr_line' id='line_1_34' title="bbox 0 0 1576 4875; baseline 0 4"><span class='ocrx_word' id='word_1_217' title='bbox 0 0 1576 4875; x_wconf 95' lang='lat' dir='ltr'><strong> </strong></span> 
     </span>
    </p>
   </div>
  </div>
 </body>
</html>
