3142 4875
639 342 744 392 BEATI
771 343 957 392 FRANCISCI
1283 339 1354 410 295

240 571 276 646 in
298 574 366 646 hac
386 574 478 646 hora
497 573 688 672 propitius.
721 591 803 647 esto
832 573 989 660 curialis,
1018 573 1105 671 quia
1134 573 1221 647 olim
1250 592 1287 647 te
1307 574 1358 646 di-

240 681 313 753 lexi
344 679 379 752 in
408 679 584 753 Domino.
643 681 780 754 Precor
800 685 978 778 'magnum
1006 680 1212 754 Dominum
1238 681 1359 779 quite

241 787 390 872 creavit,
422 804 462 859 ut
488 803 593 860 tuum
623 788 736 860 modo
765 787 927 861 calorem
958 804 1151 885 temperet,
1174 814 1249 885 quo
1278 814 1359 860 sua·

240 892 335 966 viter
377 910 507 967 urente
557 896 701 967 valeam
750 893 945 967 sustinere.
1014 895 1196 968 Oratione
1243 895 1356 994 finita,

192 1030 210 1095 5
241 999 361 1073 crucis
380 1002 490 1099 signo
508 1000 636 1099 ignem
658 1001 864 1099 consignat,
888 1017 925 1074 et
948 1000 1125 1098 deinceps
1154 1001 1360 1099 intrepidus

240 1123 392 1204 perstat.
451 1107 616 1181 Sumitur
636 1107 672 1180 in
693 1108 874 1190 manibus.
898 1107 1063 1181 candens
1082 1123 1120 1181 et
1142 1108 1359 1207 [t]orridum

241 1214 390 1299 ferrum,
430 1213 575 1313 lugiunt
611 1215 742 1287 fratres
779 1215 1008 1288 humanitate
1036 1214 1134 1298 victi,
1166 1217 1285 1289 laetus
1323 1229 1361 1287 et

241 1320 365 1393 alacer
379 1321 475 1394 lerro
495 1347 536 1394 se
555 1319 682 1394 obiicit
701 1338 862 1394 sanctus,
912 1322 1160 1395 Profundatur
1174 1321 1360 1420 crepitans

240 1427 377 1500 serrum
398 1428 434 1500 in
453 1444 582 1501 tenera
602 1454 722 1509 carne,
754 1445 793 1501 et
820 1430 868 1501 ab
896 1454 985 1502 aure
1016 1454 1133 1525 usque
1161 1430 1209 1503 ad
1230 1454 1362 1525 super·

174 1563 213 1608 10
242 1532 364 1606 cilium
393 1536 538 1607 tractim
577 1552 728 1609 coctura
756 1534 992 1632 protrahitur.
1052 1536 1243 1630 Quantum
1273 1535 1360 1608 irro-

241 1641 388 1739 gaverit
416 1640 515 1738 ignis
551 1641 610 1715 ille
647 1642 827 1726 dolorem,
863 1643 953 1725 eius,
992 1642 1055 1739 qui
1085 1643 1216 1715 melius
1245 1643 1358 1724 novit,

242 1747 359 1820 sancti
387 1750 503 1822 verba
530 1765 724 1823 testantur.
782 1750 880 1821 Nam
909 1748 1068 1821 reversis
1096 1749 1158 1846 qui
1185 1750 1359 1846 fugerant

243 1854 427 1938 iratribus,
458 1855 656 1929 subridens
684 1854 777 1927 dixit
805 1871 927 1952 pater:
951 1855 1209 1929 Pusillanimes
1227 1872 1265 1928 et
1285 1881 1360 1928 mo-

242 1960 314 2033 dici
344 1962 476 2046 cordis
508 1988 624 2059 quare
654 1962 823 2060 fugistis?
879 1962 919 2034 ln
950 1962 1105 2035 veritate
1134 1961 1218 2035 dico
1241 1961 1357 2045 vobis

175 2096 208 2161 15
243 2093 311 2140 nec
340 2067 438 2167 ignis
457 2070 629 2142 ardorem
659 2068 768 2152 sensi,
799 2095 868 2143 nec
897 2069 1009 2142 ullum
1040 2068 1160 2142 carnis
1180 2068 1358 2141 dolorem.

242 2173 292 2246 Et
325 2200 526 2249 conversus
563 2176 611 2248 ad
640 2175 854 2248 medicum:
894 2175 933 2248 Si
972 2201 1044 2248 non
1089 2175 1189 2275 [est]‚
1229 2174 1357 2271 inquit,

246 2280 360 2380 [caro]
392 2283 506 2361 ⁴bene
542 2283 709 2367 decocta,
749 2281 920 2379 imprime
957 2282 1100 2354 iterum.
1172 2282 1360 2378 Expertus

244 2388 410 2462 medicus
447 2388 644 2462 dissimiles
681 2414 789 2462 casus
827 2389 862 2462 in
900 2388 1008 2464 simili
1046 2390 1156 2473 lacto,
1194 2388 1360 2483 divinum

243 2496 313 2568 hoc
343 2495 559 2570 miraculum
589 2497 731 2577 extulit,
762 2496 910 2569 dicens:
942 2497 1039 2569 Dico
1067 2494 1184 2582 vobis,
1216 2498 1358 2581 iratres,

173 2629 214 2676 20
243 2600 316 2674 vidi
336 2603 517 2676 mirabilia
536 2604 659 2677 hodie.
718 2604 844 2676 Credo
863 2603 911 2677 ad
931 2603 1182 2677 innocentiam
1203 2605 1360 2701 primam

243 2709 413 2794 redierat,
454 2711 522 2794 cui,
555 2737 638 2783 cum
676 2709 837 2795 volebat,
869 2712 1160 2783 mansuebantur
1193 2710 1357 2783 immitia.

246 3063 319 3162 [De
336 3064 486 3136 avr'cula
503 3090 596 3160 quae
616 3066 657 3136 z'n
677 3064 850 3137 mam'bus
868 3066 948 3137 eius
968 3066 1128 3164 resedit}
1179 3064 1354 3138 CXXVI.

328 3272 412 3360 167.
443 3268 513 3341 Per
540 3269 660 3340 lacum
685 3268 898 3354 Reatinum,
919 3269 1052 3341 beatus
1072 3269 1293 3342 Franciscus
1312 3270 1361 3341 ad

242 3400 409 3448 eremum
445 3375 493 3448 de
530 3375 691 3448 Graecio
720 3376 890 3459 tendens,
922 3376 957 3447 in
995 3376 1156 3472 quadarn
1193 3375 1361 3449 navicula

173 3499 213 3566 25
242 3482 440 3556 residebat.
500 3481 570 3553 Cui
591 3484 753 3578 piscator
772 3483 924 3579 quidam
954 3508 1065 3554 unam
1095 3481 1277 3554 aviculam
1298 3484 1361 3554 ob-

242 3589 325 3661 tulit
353 3588 549 3671 fluvialem,
582 3605 622 3660 ut
649 3588 697 3661 de
726 3589 808 3685 ipsa
836 3590 1100 3661 iucundaretur
1127 3589 1161 3660 in
1183 3589 1358 3661 Domino,

244 3695 366 3789 Quam
405 3696 539 3768 beatus
580 3710 687 3791 pater
724 3697 934 3791 gaudenter
970 3696 1186 3792 suscipiens,
1222 3695 1362 3790 apertis

243 3801 424 3887 manibus
457 3818 496 3874 ut
533 3801 648 3874 libere
676 3803 796 3875 abiret
829 3801 927 3874 illam
957 3828 1041 3873 cum
1078 3802 1361 3874 mansuetudine

244 3908 424 3986 invitavit.
482 3908 590 4004 Quae
611 3934 696 3980 cum
725 3910 778 3982 ire
808 3909 931 3992 nollet,
964 3909 1030 3980 sed
1058 3907 1214 3981 velutin
1237 3908 1362 3981 nidulo

176 4029 215 4095 30
244 4014 279 4086 in
301 4014 396 4088 illius
415 4041 455 4088 se
477 4016 647 4087 manibus
676 4015 883 4095 reclinaret,
914 4031 1064 4088 sanctus
1093 4014 1226 4088 erectis
1247 4016 1363 4088 oculis

244 4122 280 4193 in
296 4121 464 4195 oratione
485 4121 697 4220 permansit.
748 4123 798 4194 Et
816 4122 921 4218 quasi
942 4120 1090 4194 aliunde
1107 4138 1192 4219 post
1212 4120 1363 4220 longam

315 4320 523 4374 6.Aorridum
602 4318 749 4374 16.A0m.
769 4333 809 4373 est
886 4323 1121 4391 17.Aom.caro
1196 4324 1365 4389 30.Rrecli-

245 4401 319 4454 navit
