3142 4875
242 312 316 387 170
605 315 782 366 LEGENDA
811 315 983 366 SECUNDA

232 549 323 625 cisci
342 575 432 624 vero
451 551 501 624 ad
520 550 775 625 dilatationem
797 552 918 624 famae
938 576 1037 634 suae,
1060 576 1158 648 quae
1186 552 1235 624 de
1260 553 1352 649 ipso,

235 659 309 732 iam
328 658 439 755 plene
463 658 513 732 ad
541 658 666 731 Deum
695 683 887 742 converso
910 657 1049 755 ubique
1078 658 1151 731 cito
1169 658 1351 755 pervenit.

235 763 530 840 Celeberrimum
560 764 646 837 ideo
674 789 787 861 supra
814 763 980 837 omnium
1016 765 1110 837 festa
1139 780 1352 839 sanctorum

235 872 370 945 festum
391 868 540 944 loannis
560 870 750 968 Baptistae
769 871 942 956 ducebat,
965 871 1069 943 cuius
1097 869 1261 968 dignitas
1291 898 1352 945 no-

235 977 345 1051 minis
364 976 544 1073 mysticae
563 976 708 1050 virtutis
727 975 914 1075 impressit
932 977 1000 1049 sibi
1015 977 1228 1076 vestigium.
1286 977 1351 1052 lllo
1384 1004 1399 1069 5

235 1084 331 1158 inter
359 1099 468 1157 natos
496 1083 691 1156 mulierum
721 1110 794 1156 non
815 1083 977 1157 surrexit
1004 1084 1132 1165 maior.
1155 1084 1227 1157 isto
1256 1085 1352 1158 inter

235 1190 452 1265 fundatores
472 1189 694 1287 religionum
725 1215 799 1263 non
819 1189 980 1263 surrexit
1006 1189 1216 1288 perfectior.
1275 1193 1351 1265 Ob-

235 1296 396 1371 servatio
427 1299 562 1393 [certe]
593 1296 709 1394 digna
736 1295 947 1392 praeconio.
980 1390 981 1395 ἵ

315 1427 351 1494 4.
391 1402 632 1500 Prophetavit
677 1403 836 1475 loannes
878 1403 972 1477 intra
1008 1420 1153 1477 secreta
1195 1406 1350 1478 materni

236 1509 329 1583 uteri
358 1511 524 1593 clausus;
547 1508 768 1582 Franciscus
798 1510 834 1581 in
863 1535 1013 1583 carcere
1041 1509 1178 1583 saeculi
1208 1512 1352 1607 positus
1384 1541 1424 1585 1o

235 1616 348 1689 divini
376 1616 499 1690 adhuc
541 1616 694 1713 ignarus
722 1616 863 1689 consilii
893 1616 1015 1689 futura
1043 1617 1239 1713 praedixit.
1302 1619 1351 1690 Et

234 1723 387 1820 quidem
416 1748 500 1795 cum
528 1722 624 1795 inter
666 1723 865 1796 Perusinos
906 1722 1007 1796 cives
1043 1740 1082 1796 et
1121 1723 1351 1798 Assisinates

234 1845 404 1926 tempore
424 1829 587 1925 quodam
610 1828 716 1902 fieret
739 1855 813 1901 non
835 1830 982 1903 modica
1009 1845 1157 1928 strages
1189 1856 1237 1903 ex
1264 1831 1349 1904 belli

234 1935 418 2020 conflictu,
436 1935 580 2033 capitur
604 1936 825 2009 Franciscus
854 1962 937 2009 cum
952 1937 1130 2033 pluribus,
1144 1953 1182 2010 et
1202 1938 1349 2010 convin-

234 2042 377 2117 culatus
397 2068 481 2115 curn
502 2043 659 2115 caeteris
678 2043 871 2139 squalores
891 2045 1049 2116 carceris
1068 2044 1217 2140 patitur.
1269 2045 1350 2117 Ab·
1384 2074 1421 2139 15

233 2150 432 2223 sorbentur
453 2149 600 2222 tristitia
615 2149 833 2246 concaptivi,
853 2149 1112 2223 miserabiliter
1127 2151 1351 2247 captivitatis

233 2282 324 2330 suae
352 2256 542 2352 plorantes
561 2272 755 2341 eventum;
777 2255 940 2329 exsultat
968 2256 1188 2330 Franciscus
1218 2256 1253 2331 in
1274 2258 1350 2331 Do-

149 2461 154 2466 ·
234 2363 345 2448 mino,
385 2361 532 2436 vincula
569 2362 665 2436 ridet
693 2379 730 2436 et
758 2362 910 2461 spernit.
969 2362 1153 2437 Dolentes
1188 2381 1351 2464 arguunt

233 2469 498 2543 iucundantem
536 2467 572 2541 in
607 2471 772 2554 vinculis,
805 2471 976 2543 insanum
1005 2487 1179 2568 reputant
1207 2498 1251 2545 ac
1289 2472 1337 2546 de

218 2592 408 2658 mentem.
467 2576 688 2671 Respondet
706 2576 927 2650 Franciscus
953 2577 1190 2675 prophetice:
1214 2580 1254 2651 ln
1276 2605 1351 2676 quo
1382 2609 1424 2654 20

232 2683 419 2756 exsultare
436 2708 495 2755 me
512 2682 686 2755 creditis?
739 2683 936 2756 Meditatio
955 2683 1027 2758 alia
1046 2687 1195 2758 subest:
1226 2688 1349 2759 adhuc

232 2805 383 2862 sanctus
411 2789 597 2863 adorabor
626 2815 693 2885 per
720 2789 910 2863 saeculum
929 2807 1060 2863 totum.
1119 2793 1268 2866 Revera
1296 2794 1349 2866 sic

232 2911 307 2979 est;
330 2896 523 2992 impletum
545 2913 601 2968 est
621 2921 733 2969 omne
753 2897 855 2994 quod
874 2897 978 2969 dixit.
1036 2898 1127 2972 Erat
1146 2915 1235 2972 tunc
1255 2900 1350 2972 inter

232 3002 395 3098 reliquos
411 3002 651 3099 concaptivos
672 3004 777 3076 miles
788 3003 940 3100 quidam
960 3007 1143 3100 superbus
1162 3022 1201 3078 et
1216 3005 1350 3102 impor·

230 3107 354 3181 tabilis
381 3108 500 3194 valde,
519 3134 632 3206 quem
660 3109 749 3182 dum
778 3128 995 3207 proponunt
1014 3136 1146 3184 omnes
1174 3112 1347 3196 abiicere,
1381 3140 1419 3206 25

226 3215 411 3314 patientia
438 3215 626 3289 Francisci
647 3242 721 3289 non
748 3217 942 3314 frangitur.
1000 3218 1275 3291 intolerabilem
1296 3237 1349 3292 to·

229 3319 324 3395 lerat
351 3337 389 3395 et
416 3322 465 3395 ad
492 3348 624 3420 pacem
654 3322 734 3396 eius
770 3340 922 3396 revocat
950 3325 1155 3399 universos.
1216 3325 1350 3423 Capax

229 3428 351 3502 omnis
379 3427 522 3526 gratiae
551 3454 618 3501 vas
659 3431 819 3503 electum
857 3430 1035 3504 virtutum
1077 3431 1150 3504 iam
1185 3433 1350 3530 undique

230 3535 454 3609 charismata
484 3552 621 3610 manat.

301 3762 324 3800 2.
347 3748 366 3801 ll
386 3764 435 3800 om.
455 3746 533 3818 plene
590 3763 612 3815 3.
634 3747 653 3800 R
673 3764 754 3818 super
809 3763 833 3812 4.
852 3750 881 3801 Μ
894 3748 1001 3801 dicebat
1058 3749 1228 3818 anigitur
1282 3752 1349 3820 ot

227 3826 298 3883 inter
382 3842 476 3896 14·¹5·
497 3828 528 3880 Μ
545 3826 697 3881 vinculatus
773 3843 813 3894 15.
834 3830 864 3881 Μ
881 3829 1038 3900 squalorem
1122 3845 1163 3895 24.
1184 3831 1213 3883 Μ
1228 3830 1350 3902 captivos

669 4088 909 4095 --.-·.-.—-.—.-..
