3142 4875
524 349 560 413 5
584 349 676 393 ΞΕ*
1276 350 1619 398 LEGENDA
1675 351 2009 400 SECUNDA

520 585 748 666 rebat,
808 597 885 654 et
938 607 1220 679 agnum
1278 579 1741 654 immolatum
1782 582 2169 678 recipiens»,
2214 579 2337 653 illo
2396 582 2572 679 igne
2630 582 2758 679 qui

524 693 588 759 in
648 687 859 761 altari
919 687 1163 761 cordis
1201 712 1499 784 semper
1536 688 1868 772 ardebat,
1915 687 2251 785 spiritum
2298 688 2751 762 immolabat.

520 793 903 891 linig-ebat
956 812 1355 892 propterea
1428 795 1822 868 Franciam
1889 811 1969 867 ut
2024 793 2338 867 amicam
2398 795 2759 893 Corporis

520 901 842 985 Homini,
919 917 1145 997 atque
1204 902 1273 972 in
1350 926 1440 973 ea
1497 901 1684 974 mori
1741 918 2048 998 propter
2103 927 2482 974 sacrorum
2554 927 2757 975 reve-

520 1006 827 1081 rentiam
872 1008 1240 1106 cupiebat.
1356 1006 1615 1080 Voluit
1654 1009 2109 1104 quandoque
2151 1008 2442 1081 mittere
2491 1008 2756 1082 fratres

520 1141 648 1209 [,η,,;ι·
709 1116 1065 1187 mundum
1126 1141 1293 1187 cum
1353 1115 1698 1211 pretiosis
1738 1115 2133 1211 pixidibus,
2185 1116 2754 1213 utubicumque

520 1225 949 1294 indecenter
1013 1221 1335 1294 locatum
1412 1222 1731 1318 pretium
1810 1221 2346 1319 redemptionis
2418 1224 2755 1295 adverte-

524 1345 700 1412 rent,
764 1327 1051 1425 optimo
1107 1329 1604 1400 reconderent
1642 1326 1827 1400 loc0.
1946 1328 2549 1401 Sacerdotalibus
2607 1355 2756 1402 ma-

524 1437 752 1518 nibus,
817 1435 1086 1532 quibus
1144 1435 1236 1508 de
1297 1434 1460 1532 ipso
1501 1434 1967 1508 conficiendo
2005 1450 2157 1508 tam
2198 1434 2449 1508 divina
2488 1436 2757 1509 coliata

520 1542 917 1614 :rm-:toritas
948 1558 1080 1624 est,
1129 1567 1479 1639 magnam
1520 1541 1821 1615 volebat
1859 1541 2351 1614 reverentiam
2393 1543 2749 1615 exhiberi.

524 1653 981 1746 Frequenter
1043 1647 1375 1721 dicebat:
1456 1647 1533 1720 Si
1621 1665 1879 1720 sancto
1958 1648 2303 1744 cuiquam
2378 1649 2473 1721 de
2545 1651 2755 1723 caelo

520 1756 861 1839 uenienti,
943 1770 1019 1827 et
1094 1754 1550 1852 pauperculo
1621 1756 1835 1827 alicui
1921 1755 2290 1828 sacerdoti
2351 1755 2566 1828 simul
2634 1782 2755 1829 me

520 1863 986 1960 [rmntingeret
1043 1863 1368 1945 obviare,
1431 1862 1945 1959 praevenirem
2015 1862 2299 1934 honore
2372 1864 2755 1959 presbyte-

520 1997 694 2050 rum,
761 1985 836 2042 et
890 1970 987 2042 ad
1048 1994 1309 2041 manus
1367 1968 1525 2040 eius
1584 1968 2128 2041 deosculandas
2168 1968 2382 2041 citius
2426 1995 2544 2042 me
2584 1996 2756 2042 con·

524 2081 804 2148 [mrem.
923 2075 1275 2148 Dicerem
1333 2075 1564 2147 enim:
1614 2075 1747 2148 Oi!
1805 2076 2204 2171 Exspecta,
2250 2092 2507 2148 sancte
2564 2078 2754 2149 Lau-

524 2184 725 2266 renti,
789 2183 963 2279 quia
1023 2208 1284 2255 manus
1340 2182 1558 2254 huius
1616 2181 1949 2255 Verbum
2011 2182 2205 2255 vitae
2261 2198 2750 2270 contrectant,

520 2313 582 2361 τι
652 2292 830 2362 ultra
893 2291 1301 2361 humanum
1358 2287 1639 2385 aliquid
1696 2288 2105 2386 possident.

620 2618 763 2726 [De
818 2625 1187 2696 devotione
1242 2624 1348 2694 ad
1395 2634 1816 2696 sanctorum
1875 2618 2293 2732 reliquias}
2413 2627 2666 2698 CLIII.

688 2850 850 2911 202.
890 2826 1166 2899 Divino
1209 2828 1434 2899 cultui
1474 2853 1556 2899 se
1587 2828 2149 2901 devotissimum
2185 2829 2550 2902 exhibens
2580 2831 2754 2905 Deo

516 2938 824 3006 diffictus
881 2934 1128 3019 hom0‚
1194 2933 1289 3006 nil
1351 2935 1553 3031 quod
1613 2935 1757 3007 Dei
1818 2953 1932 3007 est
1972 2936 2441 3032 relinquebat
2478 2963 2614 3034 per
2652 2938 2754 3011 in-

516 3042 790 3114 tem-iam
850 3041 1317 3113 inhonorum.
1448 3041 1641 3113 Cum
1700 3059 1900 3115 esset
1955 3044 2156 3139 apud
2215 3044 2553 3116 Montem
2615 3045 2753 3118 Ca-

516 3150 765 3234 mmm,
828 3149 897 3219 in
955 3147 1338 3244 provincia
1410 3148 1732 3231 Massae,
1813 3150 2197 3246 praecepit
2256 3150 2601 3224 fratribus
2674 3170 2755 3224 ut

516 3258 604 3326 ..iu
664 3257 986 3351 quadam
1045 3254 1360 3327 ecclesia
1415 3257 1510 3326 ab
1567 3256 1914 3327 omnibus
1962 3256 2316 3329 derelicta
2356 3283 2606 3331 sacras
2648 3258 2754 3332 re-

516 3362 775 3458 liquias
830 3362 926 3434 ad
982 3361 1224 3434 locum
1271 3363 1575 3434 fratrum
1618 3361 2216 3436 reverentissime
2255 3381 2748 3461 asportarent.

516 3469 984 3541 z''}1·avabatur
1015 3469 1457 3565 pernimium
1491 3467 1721 3566 longo
1753 3469 1898 3541 iam
1929 3485 2269 3567 tempore
2311 3470 2470 3543 illas
2500 3473 2755 3546 debita

516 3576 915 3648 eli-votione
958 3575 1356 3653 fraudatas.
1450 3575 1602 3648 Sed
1643 3602 1810 3648 cum
1853 3594 2210 3672 poscente
2243 3603 2469 3650 causa
2509 3579 2751 3676 ipsum

516 3686 612 3754 im:
676 3681 818 3755 alio
889 3676 1306 3778 oporteret,
1371 3682 1699 3755 mandati
1758 3683 1989 3780 patris
2054 3683 2551 3768 immemoreS,
2629 3686 2750 3758 filii

512 3788 982 3862 isti-:dientiae
1025 3787 1367 3860 meritum
1402 3790 1919 3886 neglexerunt.
2036 3790 2184 3862 Die
2214 3817 2394 3864 vero
2425 3794 2749 3888 quadam

516 3926 676 3966 mm
755 3895 1131 3968 celebrare
1205 3894 1481 3967 vellent
1546 3896 1828 3980 fratreS,
1912 3914 2198 3973 remota
2255 3897 2592 3984 sindone,
2674 3918 2751 3973 ut

2824 1574 2910 1621 10

2828 2108 2904 2172 15

2815 2963 2902 3011 20

2813 3496 2896 3562 25

516 4002 736 4075 rumis
792 4020 926 4086 est,
990 4003 1084 4074 de
1143 4002 1374 4086 altari,
1419 4028 1592 4075 ossa
1631 4004 2128 4100 pulcherrima
2168 4020 2244 4076 et
2284 4004 2499 4078 nimis
2537 4008 2747 4079 redo·
2810 4030 2894 4095 30

664 4262 698 4294 ι.
741 4243 781 4295 R
822 4239 1236 4293 immaculatum
1421 4255 1467 4292 2.
1510 4242 1569 4293 Μ
1606 4258 1703 4295 om.
1743 4257 1957 4311 semper
2138 4258 2188 4311 9.
2239 4242 2377 4313 ipso]
2426 4244 2486 4297 Μ
2522 4244 2747 4297 Christo

524 4338 528 4366 ε
560 4338 564 4366 ;
634 4322 668 4370 Η
702 4320 1026 4390 cuicumque
1156 4335 1231 4387 ις.
1259 4321 1330 4380 Μ,
1361 4320 1403 4372 Ρ
1426 4337 1525 4373 om.
1553 4319 1627 4373 Oi
1722 4322 1763 4374 R
1789 4334 2039 4390 exspecta
2069 4338 2174 4380 me,
2202 4333 2386 4375 sancte
2509 4337 2591 4388 27.
2610 4323 2745 4392 alio]

536 4429 540 4438 ·
644 4421 668 4446 ’.Ι
688 4416 725 4449 >l
