3142 4875
247 319 295 387 62
648 339 819 386 nunaunt
847 337 958 386 puilia

248 447 595 456 ——-——-------.-.<.
822 449 963 454 ,Ἶ--..,.,-
983 447 1233 453 --.-.--...-—..—
1255 445 1368 452 .-———

328 592 387 661 59.
449 570 685 665 [Obedienlzb
714 570 998 668 hirundinum]
1067 570 1164 643 Nam
1194 595 1278 642 cum
1307 569 1368 642 die

244 677 414 774 quadam⁸
423 678 470 749 ad
487 694 649 750 castrum
666 676 816 750 nomine
831 677 1046 762 Albianum,
1065 693 1103 749 ut
1118 677 1274 749 verbum
1293 674 1368 749 Dei

244 801 481 882 proponeret,
499 783 723 866 advenisset,
746 785 955 857 ascendens
976 784 1010 856 in
1031 782 1266 856 eminentiori
1285 784 1370 855 loco

131 973 136 980 .
245 891 472 988 spectandus
499 892 547 963 ab
575 892 760 975 omnibus,
790 891 915 987 coepit
947 889 1132 963 silentium
1166 888 1367 986 postulare.

246 997 448 1070 Silentibus
485 1022 575 1070 vero
612 997 754 1070 cunctis
796 1014 834 1070 et
872 1013 1086 1070 reverenter
1121 995 1367 1078 adstantibus,
1399 1025 1417 1089 5

246 1102 463 1177 hirundines
492 1103 740 1201 quamplures,
781 1103 990 1200 garrientes
1025 1121 1063 1176 et
1090 1119 1370 1201 perstrepentes

249 1212 414 1295 multum,
434 1210 673 1285 nidificabant
693 1211 728 1282 in
748 1212 884 1283 eodem
900 1210 994 1284 loc0.
1043 1211 1190 1305 Quibus
1205 1210 1370 1307 garrien-

248 1319 357 1401 tibus,
376 1317 463 1413 quia
478 1318 610 1390 beatus
625 1318 847 1390 Franciscus
865 1318 913 1391 ab
933 1317 1145 1390 hominibus
1159 1316 1278 1390 audiri
1294 1342 1368 1389 non

248 1441 407 1521 poterat,
442 1424 573 1496 avibus
609 1425 754 1497 locutus
791 1440 849 1497 est
890 1425 1034 1497 dicens:
1072 1424 1229 1497 Sorores
1263 1448 1370 1496 meae

248 1530 476 1615 hirundines,
508 1531 581 1603 iarn
610 1548 759 1627 tempus
789 1547 846 1603 est
875 1547 914 1603 ut
942 1530 1074 1627 loquar
1101 1548 1139 1604 et
1166 1556 1252 1628 ego,
1284 1528 1371 1625 quia
1406 1555 1444 1603 io

247 1663 317 1710 vos
345 1637 580 1733 usquemodo
608 1638 698 1710 satis
726 1637 881 1710 dixistis.
938 1638 1080 1710 Audite
1109 1639 1264 1711 verbum
1295 1637 1371 1709 Do-

250 1744 349 1827 mini,
387 1761 425 1816 et
462 1761 583 1817 estote
621 1744 656 1816 in
695 1744 842 1817 silentio
870 1762 909 1817 et
937 1746 1063 1842 quiete
1096 1747 1218 1818 donec
1246 1768 1370 1816 sermo

250 1850 403 1924 Domini
433 1851 674 1947 compleatur.
705 1853 758 1922 At
794 1852 898 1947 ipsae
926 1853 1105 1934 aviculae,
1135 1849 1371 1948 stupentibus

250 1974 289 2031 et
311 1958 532 2031 mirantibus
560 1957 733 2031 omnibus
762 1959 824 2053 qui
853 1957 1088 2042 assistebant,
1111 1958 1235 2056 statim
1257 1958 1370 2030 conti-

250 2080 416 2149 cuerunt,
453 2091 521 2137 nec
556 2082 680 2137 motae
713 2080 799 2136 sunt
825 2066 873 2138 de
901 2064 984 2138 loco
1017 2065 1088 2148 illo,
1125 2064 1369 2162 quoadusque
1404 2094 1444 2160 15

250 2171 479 2269 praedicatio
509 2171 685 2243 finiretur.
743 2171 796 2243 llli
825 2198 919 2269 ergo
952 2173 1032 2255 viri,
1069 2198 1153 2245 curn
1190 2172 1371 2243 vidissent

250 2280 321 2351 hoc
350 2278 510 2375 signum,
535 2278 665 2375 repleti
685 2296 771 2350 sunt
790 2278 1037 2353 admiratione
1067 2278 1229 2351 maxima
1248 2278 1371 2351 dicen·

250 2403 325 2459 tes:
357 2384 457 2458 Vere
486 2385 545 2458 hic
574 2387 687 2459 bomo
713 2403 864 2460 sanctus
883 2403 940 2460 est
959 2403 997 2460 et
1016 2386 1157 2459 amicus
1177 2383 1368 2463 Altissimi.

250 2494 299 2565 Et
328 2492 553 2566 festinabant
589 2492 791 2566 devotione
827 2494 991 2567 maxima
1026 2494 1086 2565 vel
1124 2492 1203 2566 eius
1240 2494 1371 2565 saltem

250 2599 471 2696 contingere
513 2600 745 2684 vestimenta,
786 2602 982 2673 laudantes
1025 2618 1062 2673 et
1106 2599 1373 2672 benedicentes
1402 2628 1448 2675 20

252 2707 388 2778 Deum.
448 2706 497 2779 Et
526 2707 658 2779 mirum
690 2724 802 2791 certe,
837 2733 921 2779 cum
960 2707 1063 2805 ipsae
1101 2706 1373 2779 irrationabiles

251 2830 445 2886 creaturae
465 2813 581 2909 ipsius
608 2839 701 2911 erga
730 2840 769 2886 se
798 2815 972 2887 aflectum
997 2813 1147 2911 pietatis
1169 2837 1372 2910 cognosce·

253 2936 335 2993 rent
363 2936 401 2992 et
428 2945 593 2992 amorem
625 2919 879 2993 dulcissimum
908 2921 1192 3017 praesentirent.

335 3031 397 3103 60.
454 3027 693 3122 Lepusculus.
752 3029 849 3100 Nam
888 3054 971 3100 euni
1010 3044 1180 3124 tempore
1209 3027 1371 3125 quodam

251 3135 353 3230 apud
389 3150 551 3206 castrum
589 3133 736 3207 Graecii
775 3152 992 3219 moraretur,
1029 3133 1241 3232 lepusculus
1280 3159 1374 3206 unus
1403 3163 1444 3229 25

254 3258 384 3338 captus
413 3242 557 3338 laque0,
589 3267 611 3314 a
640 3242 751 3314 fratre
770 3242 935 3339 quodam
954 3241 1060 3313 vivus
1079 3256 1299 3338 apportatus
1317 3256 1375 3311 est

252 3349 299 3420 ei.
358 3349 482 3442 Quem
512 3348 643 3421 videns
662 3348 718 3421 vir
737 3349 984 3427 beatissimus,
1004 3348 1143 3444 pietate
1165 3364 1375 3421 commotus

252 3455 319 3527 ait:
362 3455 492 3528 Frater
529 3456 729 3552 lepuscule,
770 3456 854 3528 veni
884 3456 932 3529 ad
962 3481 1033 3528 me.
1092 3456 1221 3548 Quare
1249 3454 1301 3526 sic
1338 3470 1376 3525 te

253 3561 374 3659 decipi
392 3562 617 3659 permisisti?
673 3562 883 3659 Statimque
912 3588 934 3635 a
963 3563 1074 3635 fratre
1103 3562 1288 3646 dimissus
1314 3560 1376 3656 qui

326 3781 350 3820 2.
372 3767 406 3820 Os
425 3765 570 3819 claustrum
627 3765 814 3819 Flavianum
871 3768 962 3821 Rom.
988 3778 1017 3818 ut
1065 3766 1162 3817 Mon.
1182 3764 1234 3817 Dei
1309 3762 1381 3833 3.H

254 3860 430 3917 promoveret
503 3862 528 3915 7,
543 3846 570 3898 in
582 3846 680 3898 eodem
694 3846 770 3915 loeo]
789 3847 831 3900 Or
847 3846 955 3898 ibidem.
1030 3846 1055 3899 8.
1065 3845 1107 3908 H,
1120 3845 1162 3898 Or
1172 3845 1205 3896 ab
1217 3843 1344 3897 omnibus
1354 3859 1379 3895 a.

255 3925 542 3980 Labomnibushom,
598 3928 715 3998 ollom.
729 3927 823 3979 dicens
881 3942 921 3980 10.
935 3924 1133 3996 iam]A5quia
1191 3922 1380 3979 11-12.ituei

259 4023 297 4062 12.
314 4007 362 4061 AS
380 4020 405 4060 et
423 4007 555 4078 quiescite
611 4006 645 4072 P,
667 4006 701 4058 W
713 4006 776 4060 don.
792 4007 904 4059 verbum
981 4006 1124 4075 13.RDei
1183 4006 1224 4060 Ox
1237 4003 1380 4075 impleatur

255 4086 475 4152 Asamum
535 4086 815 4152 14.Hom.omnibus
875 4084 1139 4155 16.ergo]ASveto
1197 4084 1378 4153 17.maxima]

257 4169 429 4237 Osmagua,·
453 4168 564 4221 ASom.
639 4166 894 4220 21.RDonrinum
957 4167 995 4219 W.
1016 4166 1073 4217 Nec
1093 4167 1193 4219 mirum
1245 4164 1292 4218 AS
1310 4175 1381 4217 certe

254 4260 318 4301 tunc
331 4248 462 4317 temporis
475 4247 548 4317 quod
564 4248 634 4301 irrat.
699 4262 741 4301 22.
755 4249 796 4301 Or
806 4265 855 4316 orn,
866 4248 971 4316 pietatis
1037 4261 1131 4313 2²·23·
1144 4246 1191 4300 As
1199 4256 1382 4315 agnoscerent

255 4341 296 4394 ²3·
310 4329 365 4392 Ox,
383 4328 418 4379 W
429 4340 630 4399 praesentarent
703 4343 745 4393 24.
760 4327 804 4391 H,
819 4329 848 4380 ,tl
861 4343 923 4381 curn
940 4328 1028 4397 ipset.
1102 4341 1144 4395 25·
1160 4328 1194 4380 Os
1211 4338 1382 4379 morarentur

256 4405 297 4460 26.
316 4408 405 4478 vivus]
426 4408 448 4461 P
466 4425 535 4461 unus
608 4424 651 4479 27.
671 4410 692 4464 R
712 4426 760 4461 orn.
780 4408 820 4460 vir
874 4408 922 4462 AS
939 4420 1028 4461 motus
