3142 4875
241 344 312 410 292
615 347 790 395 LEGENDA
817 346 984 396 SECUNDA

236 580 377 653 officiis
435 579 517 653 Hos
546 579 645 653 enim
674 603 697 652 a
725 579 890 676 quodam
919 604 1059 677 magno
1087 605 1179 678 rege
1207 578 1357 652 dicebat

233 689 374 760 electos
392 688 441 760 ad
460 688 592 768 edicta,
615 711 712 783 quae
741 700 790 758 ex
820 686 900 758 eius
928 712 994 759 ore
1021 686 1269 782 perciperent,
1292 712 1356 782 po

234 793 330 891 pulis
358 794 632 866 demandanda.
689 792 853 864 Dicebat
880 810 1026 866 autem:
1070 792 1174 866 Prius
1208 794 1356 889 praedi-

235 917 337 974 cator
365 900 512 973 haurire
532 898 686 973 secretis
706 898 938 971 orationibus
958 900 1071 972 debet
1093 899 1194 996 quod
1223 916 1357 997 postea

234 1007 348 1080 sacris
385 1007 550 1080 effundat
586 1006 843 1089 sermonibus;
880 1006 983 1103 prius
1020 1007 1117 1079 intus
1155 1006 1352 1088 calescere,
1388 1038 1406 1101 5

234 1139 346 1211 quam
383 1113 472 1187 soris
509 1112 644 1210 frigida
685 1114 800 1185 verba
836 1114 1013 1210 proferre.
1090 1113 1354 1186 Reverendum

235 1221 305 1294 hoc
341 1221 489 1294 dicebat
522 1219 695 1304 officium,
735 1236 774 1292 et
811 1219 873 1316 qui
911 1219 1001 1293 illud
1039 1219 1350 1300 administrarent,

236 1325 410 1400 omnibus
441 1326 719 1426 [venera]ndos.
779 1326 853 1412 Isti,
875 1328 936 1412 ait,
959 1328 1036 1400 vita
1063 1344 1150 1399 sunt
1174 1327 1350 1422 corporis,

234 1434 292 1507 isti
322 1433 583 1533 daemonIum]
616 1434 909 1529 impugnatores,
933 1433 991 1506 isti
1022 1434 1161 1507 munda
1189 1432 1350 1506 lucerna.

234 1540 371 1614 Sacrae
392 1566 480 1613 vero
499 1539 714 1637 theologiae
743 1538 918 1612 doctores
945 1541 1188 1636 amplioribus
1217 1539 1354 1639 dignos
1389 1569 1430 1616 10

235 1647 451 1747 c[ens]ebat
479 1646 693 1720 honoribus.
751 1646 858 1718 Fecit
893 1647 992 1720 enim
1031 1648 1256 1745 quandoque
1285 1673 1353 1746 ge-

235 1754 408 1827 neraliter
433 1753 562 1828 scribi:
595 1755 739 1828 Omnes
758 1753 958 1851 theologos
986 1771 1024 1826 et
1052 1755 1114 1850 qui
1145 1754 1353 1826 ministrant

234 1861 342 1934 nobis
369 1862 485 1935 verba
512 1861 647 1942 divina,
679 1859 862 1933 debemus
890 1862 1074 1934 honorare
1104 1877 1142 1933 et
1168 1860 1350 1945 venerari,

233 1987 424 2065 tamquam
461 1969 523 2065 qui
562 1967 669 2041 nobis
707 1965 917 2040 ministrant
952 1968 1120 2065 spiritum
1149 1983 1187 2041 et
1224 1968 1350 2040 vitam.

233 2076 282 2148 Et
319 2076 430 2148 beato
466 2074 635 2148 Antonio
672 2098 755 2144 cum
794 2077 910 2148 semel
946 2075 1135 2159 scriberet,
1172 2074 1225 2147 sic
1264 2073 1352 2171 poni
1388 2109 1426 2174 15

233 2183 319 2255 lecit
348 2182 384 2254 in
414 2182 596 2280 principio
625 2179 785 2253 litterae:
817 2182 938 2255 Fratri
966 2180 1134 2255 Antonio
1163 2181 1353 2278 Episcopo

234 2315 329 2362 meo,

666 2468 933 2476 ———--————

305 2689 464 2802 [Contro
492 2723 609 2768 vanae
637 2697 764 2768 laudis
795 2698 1013 2793 appetitores
1040 2708 1075 2768 ot
1101 2698 1280 2793 expositio

492 2812 598 2885 verbi
614 2805 852 2919 prophetici}
919 2812 1092 2885 CXXIII.

318 3032 400 3117 164.
432 3028 672 3125 Plangendos
700 3045 825 3100 tamen
855 3025 948 3099 dixit
975 3026 1265 3123 praedicatores,
1287 3026 1350 3123 qui
1382 3061 1425 3106 20

232 3134 399 3206 vendunt
439 3159 552 3231 saepe
594 3135 695 3231 quod
733 3135 872 3207 faciunt
912 3132 1024 3206 obolo
1059 3159 1180 3207 vanae
1218 3133 1348 3206 laudis.

231 3239 379 3313 Talium
395 3267 484 3314 vero
500 3242 706 3315 tumoribus
725 3242 788 3313 tali
809 3241 1035 3338 quandoque
1050 3241 1271 3314 medebatur
1289 3266 1351 3313 an·

231 3347 369 3421 tidoto:
402 3348 480 3421 Cur
499 3349 545 3421 de
566 3349 755 3421 conversis
775 3348 987 3421 bominibus
1006 3347 1227 3445 gloriamini,
1255 3374 1351 3445 quos

232 3456 363 3528 Iratres
401 3455 471 3528 mei
502 3456 689 3552 simplices
725 3455 802 3527 suis
838 3454 1068 3528 orationibus
1105 3454 1349 3527 convertere?

232 3561 324 3635 Illud
353 3562 515 3658 denique
547 3564 718 3634 verbum:
759 3562 893 3634 Donec
930 3562 1076 3658 peperit
1104 3560 1238 3633 sterilis
1273 3562 1350 3657 plu·
1380 3592 1420 3659 25

232 3669 364 3750 rimos;
395 3668 518 3742 taliter
546 3670 777 3766 exponebat:
809 3667 962 3749 Sterilis,
996 3668 1123 3764 inquit,
1161 3684 1219 3740 est
1238 3669 1351 3740 Irater

232 3801 336 3848 meus
368 3778 627 3873 pauperculus,
660 3775 721 3873 qui
751 3775 958 3873 generandi
992 3775 1028 3846 in
1058 3773 1227 3848 Ecclesia
1256 3774 1350 3846 filios

233 3908 307 3955 non
336 3883 450 3956 habet
479 3882 653 3956 officium.
711 3881 783 3954 Hic
824 3882 975 3981 [par]iet
1002 3880 1039 3953 in
1069 3881 1205 3955 iudicio
1241 3880 1350 3977 pluri-

231 4016 322 4071 mos,
355 3990 443 4086 quia
471 4015 566 4085 quos
595 4015 692 4062 nunc
721 3989 874 4085 privatis
903 3988 1134 4061 orationibus
1153 3988 1346 4071 convertit,

229 4122 318 4169 suae
355 4095 500 4195 gloriae
536 4112 624 4169 tunc
659 4096 771 4169 iudex
807 4095 1006 4169 adscribet.
1066 4096 1175 4191 Quae
1213 4094 1350 4168 multos
1381 4135 1424 4202 30

301 4320 325 4372 8.
345 4321 369 4373 A
389 4321 552 4374 reverendos
615 4322 663 4391 ait]
685 4322 704 4375 R
725 4322 805 4375 etiam
893 4340 918 4393 9.
938 4323 963 4375 A
984 4323 1147 4387 daemones,·
1166 4322 1188 4377 R
1207 4322 1350 4376 daemonis

234 4412 271 4450 ιι.
291 4399 316 4450 A
337 4400 474 4452 crescebat
547 4400 641 4469 25-26.
663 4403 694 4455 M
709 4402 843 4471 plurimos
862 4414 912 4456 etc.
932 4402 1022 4457 taliter
1093 4403 1135 4456 28.
1155 4403 1181 4456 A
1199 4402 1315 4473 accipiet
