3142 4875
260 337 333 408 288
634 364 806 414 cacanus
835 364 1002 414 saevum

257 610 296 667 ut
323 596 464 692 pudeat
491 594 594 668 exire
623 593 659 667 in
688 593 889 692 publicum.
949 595 1025 690 Qui
1050 621 1141 669 vero
1169 611 1258 669 tunc
1285 611 1378 669 tem-

256 701 357 798 poris
385 702 434 774 ad
461 700 739 799 suscipiendum
769 702 940 775 ordinem
978 702 1157 787 venerint,
1189 701 1269 775 sola
1297 702 1376 801 Spi-

256 808 349 880 ritus
384 807 501 881 sancti
540 808 759 906 operatione
787 810 981 892 ducentur,
1012 825 1051 883 et
1079 808 1217 883 nullam
1247 809 1284 882 in
1321 810 1377 883 eis

257 912 441 987 maculam
461 940 548 987 caro
567 933 606 987 et
624 915 779 1013 sanguis
808 915 1001 1014 impinget,
1034 933 1218 1014 eruntque
1245 942 1336 990 vere
1354 944 1378 991 a

256 1019 423 1094 Domino
443 1019 640 1094 benedicti.
702 1021 756 1121 [ln
784 1022 921 1120 quibus
948 1024 1119 1119 quamvis
1138 1022 1376 1121 operationes
1407 1051 1424 1115 5

257 1128 470 1200 meritoriae
507 1154 580 1201 non
618 1129 763 1212 fuerint,
799 1128 1024 1226 frigescente
1063 1129 1243 1203 charitate
1278 1156 1375 1227 quae

258 1235 345 1308 sacit
379 1249 528 1307 sanctos
565 1234 711 1332 operari
749 1236 946 1320 ferventer,
979 1253 1159 1309 venturae
1192 1253 1279 1309 sunt
1307 1236 1377 1309 illis

256 1342 483 1414 tentationes
511 1341 725 1426 immensae,
748 1359 786 1415 et
814 1341 878 1440 qui
906 1343 1044 1440 reperti
1073 1341 1210 1416 fuerint
1229 1343 1265 1415 in
1285 1359 1377 1416 tem·

257 1473 349 1546 pore
384 1446 445 1519 illo
481 1448 637 1544 probati,
675 1448 847 1523 meliores
880 1466 989 1521 erunt
1022 1449 1377 1546 praedecessoribus

257 1554 343 1627 suis.
401 1553 483 1627 Vae
510 1570 636 1627 autem
666 1555 735 1628 illis
763 1556 826 1653 qui
855 1557 903 1628 de
932 1556 1011 1628 sola
1039 1555 1107 1628 sibi
1137 1557 1262 1653 specie
1292 1582 1377 1628 con·
1411 1582 1450 1628 1o

255 1660 477 1734 versationis
505 1660 704 1759 religiosae
722 1662 944 1759 plaudentes
964 1677 1179 1760 torpescent
1197 1663 1285 1748 otio,
1307 1688 1377 1736 nec

256 1769 431 1841 resistent
473 1784 687 1841 constanter
726 1768 995 1843 tentationibus
1031 1770 1079 1841 ad
1116 1768 1376 1867 probationem

258 1873 462 1948 electorum
498 1874 707 1972 permissis;
747 1876 925 1973 quoniam
963 1876 1031 1948 soli
1060 1876 1109 1948 illi
1138 1877 1201 1973 qui
1230 1876 1376 1973 probati

257 1982 393 2055 fuerint
411 1979 595 2078 accipient
623 2007 799 2055 coronam
818 1982 928 2068 vitae,
959 2007 1055 2080 quos
1079 1984 1260 2057 exercitat
1287 1982 1377 2057 inte·

258 2088 327 2160 rim
356 2087 496 2161 malitia
524 2089 800 2187 reproborum}
1411 2117 1452 2184 15

263 2513 335 2611 [De
370 2514 587 2587 revelatione
613 2514 691 2586 sibi
714 2540 737 2585 a
765 2516 844 2587 Deo
859 2515 969 2610 fecta
1001 2515 1044 2587 n’e
1070 2525 1171 2587 statu
1203 2514 1377 2600 Ordinis,

369 2640 404 2701 et
420 2632 520 2726 qnod
538 2630 638 2703 Ordo
657 2655 862 2725 numquam
881 2630 1048 2729 deficiet}
1108 2629 1261 2703 CXVII.

344 2846 427 2936 158.
458 2844 734 2917 Consolabatur
762 2858 887 2916 autem
907 2843 1106 2941 plurimum
1135 2844 1171 2917 in
1201 2844 1376 2918 visitatio-

259 2948 367 3022 nibus
384 2951 469 3035 Dei,
491 2951 626 3048 quibus
646 2949 874 3023 reddebatur
893 2976 1046 3024 securus
1074 2949 1266 3049 religionis
1285 2977 1377 3025 suae

257 3056 498 3130 fundamenta
526 3082 674 3154 semper
703 3056 925 3130 inconcussa
951 3083 1114 3135 manere.
1173 3057 1243 3131 Cui
1263 3059 1376 3132 etiam
1406 3090 1448 3137 20

257 3164 543 3261 promittebatur
562 3165 598 3236 in
618 3163 854 3261 pereuntium
882 3189 1038 3237 numero
1066 3164 1273 3238 indubitata
1292 3167 1377 3238 sub·

258 3269 400 3343 stitutio
415 3270 630 3343 electorum.
676 3270 772 3343 Cum
785 3271 885 3343 enim
901 3271 1112 3345 turbaretur
1132 3270 1237 3345 malis
1252 3298 1376 3345 exem-

259 3377 329 3474 plis
358 3393 394 3449 et
423 3404 464 3450 se
501 3377 659 3451 orationi
689 3378 805 3450 semel
834 3377 1020 3451 conferret
1047 3379 1247 3464 turbatum,
1279 3380 1375 3453 hanc

258 3484 479 3557 invectivam
509 3484 713 3581 reportavit
741 3484 968 3557 aDomino:
992 3484 1069 3557 Cur
1087 3501 1138 3570 tu,
1161 3486 1372 3570 homunci0,

258 3591 515 3664 conturbaris?
569 3591 632 3663 An
668 3616 742 3688 ego
771 3607 809 3664 te
847 3617 959 3687 super
995 3591 1214 3689 religionem
1253 3617 1375 3665 meam
1405 3621 1443 3687 25

258 3698 310 3771 sic
347 3713 536 3795 pastorem
574 3697 759 3784 constitui,
790 3715 831 3770 ut
859 3723 919 3771 me
952 3697 1193 3795 principalem
1231 3700 1377 3772 nescias

257 3831 339 3878 esse
360 3804 582 3901 patronum?
629 3805 832 3878 Hominem
852 3804 1057 3901 simplicem
1073 3806 1121 3878 ad
1141 3804 1212 3878 hoc
1233 3821 1271 3877 te
1291 3831 1376 3878 con·

257 3912 369 3998 stitui,
410 3928 450 3985 ut
486 3938 582 4009 quae
612 3910 647 3985 in
679 3928 715 3985 te
744 3913 879 3995 lecer0,
911 3911 1067 3984 caeteris
1097 3911 1285 3997 imitanda,
1316 3938 1377 3985 se·

257 4034 418 4115 quantur
447 4021 509 4115 qui
538 4021 644 4117 sequi
672 4017 867 4091 voluerint.
926 4018 1012 4116 Ego
1045 4018 1186 4105 vocavi,
1216 4021 1376 4092 servabo

259 4145 296 4197 et
323 4152 486 4222 pascam,
517 4144 555 4200 et
575 4126 611 4198 in
630 4125 787 4200 aliorum
807 4127 1056 4223 reparandum
1077 4126 1264 4198 excidium
1284 4125 1377 4200 alios
1406 4155 1446 4222 30

333 4351 409 4402 5·15.
428 4337 453 4389 A
472 4354 520 4391 om.
541 4337 571 4389 lu
594 4336 911 4408 quibus-reproborum,
1003 4334 1100 4390 26-28.
1124 4338 1154 4391 M
1177 4354 1227 4390 om.
1250 4348 1280 4391 ut
1302 4354 1347 4390 me
1360 4366 1376 4376 -

260 4414 388 4466 constitui
