3142 4875
274 335 322 385 XL
699 338 977 389 PROLEGOMENA

544 440 837 448 ——--.—-—-
889 445 912 449 .-
994 444 1040 449 —.-
1047 445 1090 448 .---
1100 445 1107 450 .
1150 445 1398 454 -———-..-..

274 558 343 645 ipso
367 558 495 624 vivente
520 558 552 625 in
578 582 672 627 carne
696 562 859 628 Dominus
891 564 980 628 Deus
1004 583 1113 630 noster
1142 587 1196 651 per
1219 587 1295 632 eum
1319 589 1397 653 ope·

274 666 333 731 rari
365 663 516 753 dignatus
550 685 598 733 est
628 668 811 734 inseruntur
832 693 863 733 n.
930 668 970 735 Et
1003 668 1233 759 subiungebat:
1276 699 1291 735 n
1313 674 1396 740 Ter·

273 774 355 838 tium
379 794 456 839 vero
482 773 635 840 miracula
652 774 752 841 multa
768 775 923 853 continet,
940 796 971 842 et
987 776 1077 863 plura
1101 796 1193 858 tacet,
1218 800 1301 866 quae
1321 802 1395 847 cum

273 879 403 947 Christo
427 902 566 968 regnans
589 880 622 948 in
647 881 751 960 caelis,
770 881 1023 969 gloriosissimus
1043 885 1180 951 Sanctus
1199 905 1348 972 operatur
1363 889 1396 953 in

272 987 445 1053 terrisn.(¹)
499 987 621 1054 Iterum
646 990 679 1055 in
704 988 847 1076 Prologo
872 989 1044 1076 Legendae
1068 991 1229 1058 secundae
1253 990 1394 1059 dicebat:

277 1120 292 1154 u
307 1093 460 1160 Miracula
484 1092 643 1182 quaedam
677 1093 906 1161 interseruntur
929 1114 1023 1182 prout
1046 1118 1080 1163 se
1105 1096 1247 1184 ponendi
1278 1121 1397 1187 oppor-

272 1201 390 1266 tunitas
415 1197 507 1266 offert
521 1227 550 1265 n.
599 1199 767 1268 Sed-haec
791 1226 859 1269 non
883 1222 973 1269 erant
991 1206 1067 1271 satis
1091 1206 1162 1292 piae
1183 1204 1314 1272 fratrum
1340 1231 1394 1273 cu·

273 1307 414 1384 riositati,
433 1307 499 1394 qui,
515 1327 551 1373 ut
574 1326 742 1394 praecepto
766 1308 907 1395 Capituli
933 1311 1100 1377 Ianuensis
1123 1331 1281 1398 parerent,
1303 1315 1395 1402 signa

272 1430 304 1478 et
318 1413 465 1500 prodigia
488 1412 570 1481 beati
595 1414 754 1482 Francisci
779 1414 982 1502 collegerant,
999 1437 1030 1484 et
1045 1418 1215 1505 cupiebant
1230 1418 1337 1506 legere
1360 1422 1394 1487 in

274 1541 375 1587 unum
392 1519 526 1586 collecta
545 1522 656 1587 omnia
676 1521 726 1587 illa
744 1523 908 1602 miracula,
927 1545 1009 1610 quae
1026 1525 1126 1591 Patris
1144 1547 1257 1591 eorum
1277 1528 1394 1591 sancti·

273 1645 372 1693 tatem
396 1626 610 1694 ostendebant
627 1646 659 1691 ct
683 1627 971 1695 confirmabant&

339 1736 545 1821 Quapropter
570 1734 679 1800 beatus
704 1735 843 1801 loannes
867 1758 884 1800 a
908 1736 1034 1815 Parma,
1062 1738 1116 1824 qui
1140 1757 1213 1823 post
1238 1737 1394 1804 Crescen-

272 1839 353 1905 tium
366 1834 484 1906 electus
498 1838 597 1907 fuerat
613 1840 645 1905 in
661 1843 846 1928 generalem
865 1842 1061 1921 Ministrum,
1082 1846 1267 1930 «praecepit
1283 1844 1393 1910 multis

271 1946 380 2013 litteris
406 1945 488 2012 fratri
514 1946 666 2013 Thomae
690 1945 729 2011 de
755 1946 879 2014 Celano
900 1968 934 2014 ut
956 1950 1053 2013 vitam
1074 1948 1156 2015 beati
1184 1950 1392 2017 francisci...

272 2052 446 2141 perficeret,
478 2056 553 2142 quia
585 2054 692 2121 solum
720 2054 759 2121 de
793 2056 860 2121 eius
890 2058 1135 2124 conversatione
1158 2077 1190 2125 et
1221 2059 1337 2141 verbis,
1359 2060 1393 2125 in

270 2161 375 2248 ptimo
394 2180 539 2238 tractatu,
559 2159 598 2226 de
616 2161 768 2227 mandato
788 2159 889 2227 fratris
913 2163 1088 2231 Crescentii
1113 2164 1278 2232 Generalis
1302 2187 1391 2252 prae-

272 2268 345 2336 dicti
364 2267 548 2355 compilato,
565 2270 693 2335 omissis
709 2268 869 2335 miraculis
894 2268 1008 2336 fecerat
1030 2271 1241 2338 mentionem.
1290 2271 1330 2339 Et
1346 2273 1391 2340 sic

271 2373 450 2442 secundum
474 2393 652 2455 tractatum,
676 2375 729 2464 qui
754 2373 795 2441 de
818 2376 962 2442 eiusdem
986 2376 1087 2442 sancti
1113 2377 1215 2443 Patris
1242 2379 1309 2466 agit
1332 2380 1390 2445 mi-

273 2481 395 2561 raculis,
420 2481 615 2568 compilavit,
638 2504 736 2568 quem
761 2506 834 2550 cum
859 2482 990 2570 epistola
1015 2505 1096 2570 quae
1117 2484 1227 2572 incipit
1243 2484 1392 2573 Religiosa

271 2602 373 2654 nostru
395 2588 570 2665 sollicitudo,
595 2589 680 2653 misit
705 2587 810 2654 eidem
835 2589 985 2656 Generali
1000 2588 1078 2654 n.(³)

342 2804 384 2871 (r)
404 2803 436 2856 In
461 2804 538 2856 tertio
560 2803 693 2872 opusculo
719 2801 868 2856 reseruntur
890 2824 904 2853 α
916 2802 1046 2856 miracula
1071 2820 1139 2873 quae
1164 2819 1255 2856 coram
1280 2804 1393 2857 domino

270 2893 343 2962 Papa
364 2893 496 2961 Gregorio
516 2891 633 2962 perlecta
659 2905 720 2945 sunt
739 2906 774 2944 et·
790 2891 892 2962 populo
913 2892 1070 2944 nuntiata».
1112 2892 1175 2945 Vid.
1196 2909 1220 2962 p.
1244 2890 1292 2961 136
1312 2908 1338 2946 et
1357 2910 1393 2947 ss.

342 2986 384 3051 (2)
405 2981 435 3033 ln
456 2984 541 3051 prima
561 2981 687 3051 Legenda
704 2980 856 3033 Tlromasa
873 2981 1027 3033 narratione
1048 2980 1244 3033 miraculorum
1264 2998 1293 3034 se
1313 2997 1393 3050 expe-

270 3072 359 3125 diebat
378 3072 430 3124 biis
449 3073 550 3123 verbis:
572 3071 702 3124 «Verum
728 3087 780 3123 non
809 3070 870 3139 quia
897 3071 1028 3123 miracula
1052 3087 1120 3140 quae
1145 3070 1316 3123 sanctitatem
1337 3087 1392 3122 non

271 3159 373 3213 faciunt
392 3159 437 3212 sed
458 3159 612 3223 ostendunt,
631 3159 678 3212 sed
703 3158 793 3230 potius
817 3158 1004 3211 excellentiam
1029 3159 1100 3211 vitae
1126 3175 1157 3210 ac
1181 3159 1393 3212 sincerissimam

272 3250 486 3303 conversationis
510 3249 593 3319 ipsius
618 3247 737 3301 formam
766 3248 937 3301 decrevimus
962 3247 1171 3317 explanare...»
1198 3252 1235 3317 (p.
1262 3262 1308 3316 72:
1338 3256 1390 3312 12).

272 3340 301 3390 ln
318 3338 432 3407 epistola
447 3339 479 3389 ad
495 3335 669 3401 Genemlem,
686 3338 767 3390 verba
785 3335 911 3388 Thomae
925 3336 1002 3407 quasi
1019 3336 1051 3387 ad
1068 3335 1184 3388 litteram
1202 3336 1392 3399 describentes,

271 3428 345 3480 Socii
366 3430 499 3479 dixerant:
519 3443 599 3478 cnon
620 3426 741 3479 contenti
760 3442 867 3478 narrare
881 3425 971 3477 solum
988 3425 1119 3478 miracula
1135 3441 1203 3495 quae
1219 3427 1390 3477 sanctitatem

271 3533 326 3569 non
343 3515 444 3568 faciunt
459 3516 506 3569 sed
523 3516 677 3578 ostendunt,
690 3516 736 3567 sed
754 3515 836 3566 etiam
853 3526 961 3567 sanctae
976 3514 1190 3567 conversationis
1204 3514 1262 3566 eius
1276 3513 1391 3583 insignia

271 3617 297 3657 et
317 3607 352 3675 pii
372 3605 534 3676 beneplaciti
554 3605 723 3657 voluntatem
742 3604 882 3656 ostendere
899 3606 1078 3672 cupientes...
1091 3624 1114 3654 n.
1153 3604 1189 3654 At
1202 3601 1268 3653 illud
1282 3604 1393 3654 axioma

270 3696 324 3747 iam
345 3695 470 3748 Thomas
491 3704 626 3747 mutuatus
646 3708 735 3746 erata
756 3692 784 3745 S.
806 3693 939 3763 Gregorio
953 3693 1057 3760 Magno
1076 3692 1192 3744 docente
1210 3711 1224 3739 n
1238 3690 1392 3761 corporalia

269 3783 314 3836 illa
343 3785 475 3836 miracula
504 3784 649 3835 ostendunt
673 3782 819 3853 aliquando
848 3783 1028 3843 sanctitatem,
1058 3796 1113 3831 non
1138 3791 1230 3831 autem
1258 3778 1391 3832 faciunt»

270 3873 337 3938 (Lib.
363 3872 395 3925 Il
418 3873 585 3943 quadraginta
610 3872 783 3924 Houu'liurnm
806 3874 831 3922 in
857 3870 1001 3939 Etrurrgelio.
1023 3869 1105 3920 Hom.
1127 3881 1168 3937 29.
1187 3867 1296 3931 Maesa,
1320 3867 1392 3921 Patr.

269 3962 392 4016 latiur.
413 3965 455 4030 76,
472 3980 495 4014 c.
519 3962 605 4023 1216).
645 3962 719 4014 llaec
738 3960 848 4013 homilia
867 3959 966 4027 legitur
984 3957 1050 4010 inira
1073 3970 1198 4009 octavam
1220 3956 1392 4009 Ascensionis

268 4050 389 4113 Domini,
410 4064 435 4103 et
456 4051 517 4101 licet
540 4049 622 4100 hodie
645 4053 670 4101 in
693 4049 829 4101 Breviario
850 4048 975 4100 Romano
999 4046 1139 4099 omittatur
1160 4044 1238 4096 locus
1256 4042 1393 4106 recitatus,

270 4140 434 4207 probabilius
450 4140 518 4192 olim
535 4139 722 4192 inveniebatur
742 4139 768 4190 in
789 4138 862 4190 libris
879 4136 1017 4205 liturgicis.

342 4228 384 4297 (3)
406 4229 533 4281 Chronica
554 4227 643 4279 XXIV
659 4228 830 4293 Genucilium,
846 4228 862 4279 l.
882 4244 912 4288 a,
932 4243 957 4296 p.
978 4224 1037 4294 276.
1050 4255 1084 4263 -—
1100 4225 1231 4276 Memoria
1251 4233 1393 4274 teneantur

269 4318 349 4369 verba
369 4317 569 4370 Clrronicarum
588 4333 656 4386 quae
676 4318 745 4381 heic,
765 4331 791 4370 et
810 4316 874 4369 loco
894 4318 966 4386 prius
992 4318 1081 4378 citato,
1105 4324 1257 4365 memorant
1278 4313 1392 4381 primum

271 4419 297 4461 et
315 4406 447 4460 secrurclnm
466 4416 619 4458 tractatum.
