3142 4875
631 337 805 386 LEGENDA
833 337 1000 387 SECUNDA

1101 447 1367 458 ...-.------

444 680 643 776 [Qualiter
669 679 879 776 resignavit
905 680 1045 774 socios}
1103 677 1182 751 CV.

338 888 419 957 144.
455 865 544 938 Alio
580 880 752 962 tempore
778 863 918 937 vicario
952 890 1021 937 suo
1058 882 1212 938 cunctos
1247 865 1372 938 socios

251 972 456 1071 resignavit
490 972 635 1046 dicens:
671 972 753 1045 l·lac
786 971 967 1044 libertatis
999 972 1264 1070 praerogativa
1300 971 1371 1044 sin·

251 1079 391 1177 gularis
418 1079 535 1152 videri
568 1078 664 1162 nolO,
696 1079 764 1151 sed
801 1078 932 1151 fratres
961 1104 1020 1151 me
1048 1078 1095 1151 de
1125 1078 1208 1151 loco
1239 1079 1288 1151 ad
1319 1079 1371 1151 lo-

252 1212 335 1259 cum
364 1186 563 1267 associent,
594 1186 689 1258 sicut
717 1184 904 1257 Dominus
937 1184 1172 1282 inspiraverit
1200 1185 1264 1258 eis.
1322 1183 1373 1258 Et
1404 1210 1422 1275 5

251 1293 404 1365 adiecit:
436 1292 521 1365 Vidi
551 1292 623 1365 iarn
653 1316 805 1365 caecum
835 1290 897 1387 qui
927 1318 1038 1366 unam
1069 1294 1273 1365 caniculam
1307 1292 1372 1364 du·

252 1425 333 1473 cem
361 1400 525 1472 habebat
554 1398 704 1471 itineris.
763 1398 870 1471 Haec
889 1398 1014 1495 itaque
1035 1425 1102 1473 sua
1130 1398 1250 1497 gloria
1278 1414 1369 1482 erat,

254 1521 294 1578 ut
321 1506 441 1579 omnis
460 1504 727 1604 singularitatis
746 1522 784 1577 et
813 1504 1011 1578 iactantiae
1035 1507 1162 1602 specie
1190 1506 1371 1604 relegata,

254 1613 438 1686 habitaret
466 1613 502 1685 in
531 1638 578 1686 eo
606 1610 722 1684 virtus
752 1610 902 1684 Christi.

364 1978 507 2077 [Verbo
533 1977 613 2049 eius
640 1987 766 2048 contre
786 1977 1060 2072 praelationem
1086 1987 1263 2058 ementes,
1410 2018 1449 2062 10

425 2104 460 2166 et
477 2093 671 2188 descriptio
684 2092 836 2186 fratris
855 2093 1045 2191 minoris}
1104 2092 1200 2165 CVI.

342 2311 424 2381 145.
456 2287 599 2360 Videns
626 2303 751 2360 autem
782 2288 964 2385 quosdam
1002 2289 1294 2386 praelationibus
1323 2290 1375 2362 in-

254 2398 368 2483 hiare,
398 2421 493 2494 quos
521 2411 671 2494 praeter
698 2393 768 2469 alia
797 2395 856 2469 vel
885 2393 963 2469 sola
992 2396 1175 2470 reddebat
1197 2395 1375 2495 indignos

254 2502 407 2578 ambitio
444 2502 692 2600 praesidendi,
724 2528 791 2576 eos
826 2528 900 2576 non
930 2529 1013 2576 esse
1042 2505 1173 2577 fratres
1210 2504 1375 2578 minores

254 2612 412 2693 dicebat,
444 2611 510 2682 sed
539 2609 745 2682 vocationis
773 2636 847 2706 qua
876 2611 997 2683 vocati
1036 2627 1142 2683 erant
1173 2609 1320 2697 oblitos
1352 2638 1375 2684 a
1409 2643 1446 2708 15

254 2718 375 2817 gloria
403 2715 597 2790 excidisse.
655 2716 864 2789 Nonnullos
882 2743 973 2790 vero
1002 2717 1157 2790 miseros
1185 2744 1300 2816 aegre
1321 2719 1338 2790 l
1357 2762 1375 2774 ·

255 2841 380 2898 rentes
408 2825 455 2897 ab
494 2823 625 2895 officiis
662 2823 839 2909 amoveri,
870 2824 1009 2921 quippe
1045 2851 1128 2897 cum
1166 2850 1260 2897 onus
1300 2851 1371 2898 non

255 2946 479 3029 quaererent
507 2931 573 3003 sed
603 2931 794 3013 honorem,
826 2930 950 3003 multis
977 2932 1212 3004 sermonibus
1245 2934 1336 3005 cons
1359 2975 1376 2988 ·

255 3040 368 3113 tabat.
426 3037 533 3110 Dixit
551 3054 676 3110 autem
699 3038 925 3134 quaudoque
945 3037 1049 3110 socio
1068 3064 1154 3110 suo:
1179 3039 1265 3111 Nou
1287 3040 1373 3111 mihi

255 3145 385 3218 videor
413 3146 526 3217 irater
554 3144 683 3227 minor,
716 3145 783 3216 nisi
828 3145 931 3217 suero
960 3148 996 3217 in
1031 3161 1127 3218 statu
1167 3171 1279 3241 quem
1309 3145 1373 3218 tibi
1407 3180 1449 3227 20

255 3250 500 3349 descripsero,
557 3251 606 3324 Et
633 3250 703 3324 ait:
735 3251 834 3323 Ecce
864 3250 1051 3348 praelatus
1089 3253 1274 3326 exsistens
1307 3253 1375 3324 lra-

256 3378 353 3433 trum
382 3358 480 3431 vado
508 3358 555 3431 ad
589 3356 803 3454 capitulum,
833 3359 1009 3455 praedico
1046 3361 1116 3453 [et]
1152 3384 1375 3432 commoneo

257 3468 396 3549 sratreS,
420 3483 457 3538 et
486 3465 523 3537 in
552 3466 624 3537 fine
653 3465 788 3537 dicitur
816 3481 945 3539 contra
974 3491 1053 3538 me:
1085 3466 1170 3538 Non
1201 3467 1376 3539 convenit

258 3574 365 3647 nobis
394 3571 602 3645 illitteratus
629 3589 668 3644 et
695 3572 995 3667 contemptibilis,
1023 3572 1108 3645 ideo
1138 3575 1309 3646 nolumus
1337 3589 1375 3646 te

257 3706 415 3778 regnare
458 3705 570 3776 super
608 3703 685 3760 1105,
726 3679 814 3775 quia
855 3677 1014 3777 elinguis
1055 3705 1105 3763 es,
1143 3678 1300 3776 simplex
1337 3699 1375 3752 et
1398 3713 1445 3783 *25

257 3788 382 3861 idiota.
439 3786 611 3858 Tandem
649 3784 775 3857 eiicior
808 3811 892 3858 cum
930 3785 1142 3883 opprobri0,
1173 3785 1376 3882 vilipensus

256 3896 303 3967 ab
340 3895 523 3967 omnibus.
581 3892 679 3965 Dico
714 3893 793 3976 tibi,
825 3893 893 3965 nisi
931 3894 1066 3965 eodem
1095 3894 1209 3975 vultu,
1240 3895 1374 3965 eadem

257 4001 390 4074 mentis
406 4000 555 4083 laetitia,
573 4000 707 4072 eodem
723 3999 930 4072 sanctitatis
945 4000 1138 4095 proposito
1153 4000 1244 4072 haec
1260 4002 1375 4073 verba

256 4107 421 4193 audier0,
452 4108 564 4181 frater
599 4106 719 4178 minor
755 4132 993 4202 nequaquam
1028 4133 1122 4179 sum.
1186 4107 1236 4179 Et
1263 4107 1375 4180 adde·

328 4334 351 4380 4.
366 4316 440 4379 nolo,
454 4316 634 4385 sedJRvolo‚
647 4317 670 4369 si
741 4332 781 4370 22.
796 4318 820 4370 Α
835 4334 883 4369 orit.
898 4328 924 4369 et
993 4331 1035 4381 24.
1050 4316 1083 4369 M
1092 4316 1207 4387 ideoque
1274 4332 1314 4385 29.
1328 4334 1375 4370 ne·

258 4398 404 4466 quaquam]
425 4398 456 4449 ,u
473 4413 529 4449 non
