3142 4875
250 383 328 448 420
555 381 762 432 TRACFATUS
791 382 838 430 DE
867 381 1061 430 mtxncutls

252 495 540 502 -—---·—-.—..-——....
561 493 665 500 *-

249 631 287 687 et
315 614 566 685 membrorum
582 611 705 685 officio
720 611 929 696 destitutus,
946 612 1107 708 quadam
1137 612 1196 684 die
1226 613 1368 684 intrans

249 719 457 803 ecclesiam,
479 720 527 791 ad
546 735 686 792 tactum
706 720 865 816 sepulcri
886 719 1089 793 beatissimi
1118 719 1233 816 patris
1254 719 1369 792 Fran·

250 826 336 901 cisci
356 828 455 900 foras
482 851 595 900 sanus
615 841 652 898 et
672 826 866 899 incolumis
885 845 942 899 est
960 851 1164 923 regressus.
1207 825 1369 899 Dicebat

249 950 375 1006 autem
395 933 572 1030 puerulus
601 932 680 1028 ipse
708 934 820 1028 quod,
852 934 939 1006 dum
969 957 1094 1005 coram
1123 933 1266 1005 tumulo
1288 933 1369 1029 glo·

249 1041 337 1114 riosi
357 1040 474 1112 sancti
499 1040 647 1123 iaceret,
668 1038 810 1112 adstitit
829 1039 862 1111 ei
882 1038 1026 1112 iuvenis
1054 1039 1217 1135 quidam,
1240 1039 1366 1111 habitu
1400 1067 1418 1131 5

252 1149 402 1221 fratrum
424 1146 584 1228 indutus,
606 1171 719 1244 supra
748 1144 959 1242 sepulcrum
988 1146 1182 1230 exsistens,
1206 1137 1270 1242 qui
1288 1145 1368 1242 pira

252 1256 288 1327 in
310 1254 479 1326 manibus
499 1269 652 1349 portans
670 1252 818 1326 vocavit
831 1278 929 1337 eum,
941 1270 979 1325 et
994 1255 1179 1349 praebens
1194 1253 1228 1325 ei
1247 1252 1369 1350 pirum

252 1387 377 1445 unum,
409 1376 448 1433 ut
476 1376 647 1456 surgeret
674 1360 906 1433 confortavit.
965 1359 1040 1454 Qui
1069 1360 1189 1455 pirum
1218 1360 1265 1431 de
1295 1383 1368 1432 ma·

252 1468 360 1540 nibus
388 1466 467 1539 eius
495 1466 711 1561 suscipiens,
738 1466 1005 1563 respondebat:
1038 1466 1137 1538 Ecce
1157 1481 1370 1550 contractus

252 1600 334 1647 sum
363 1591 400 1646 et
434 1573 533 1645 nullo
571 1574 683 1644 modo
712 1598 866 1669 surgere
895 1598 1059 1670 possum.
1117 1573 1241 1645 Pirum
1278 1597 1370 1645 vero
1406 1597 1448 1643 10

252 1679 457 1754 exhibitum
479 1679 725 1760 manducavit,
749 1695 787 1752 et
806 1679 854 1752 ad
873 1679 972 1752 aliud
991 1680 1123 1775 pirum,
1146 1681 1247 1775 quod
1268 1678 1300 1750 ei
1321 1679 1369 1751 ab

252 1789 386 1860 eodem
416 1787 550 1859 iuvene
569 1785 803 1870 offerebatur,
828 1785 951 1882 coepit
970 1788 1175 1858 extendere
1205 1811 1367 1858 manum.

253 1893 328 1988 Qui
356 1895 445 1965 dum
475 1891 606 1964 iterum
636 1918 720 1966 eum
751 1909 791 1964 ut
819 1911 991 1990 surgeret
1019 1894 1238 1976 hortaretur,
1270 1892 1369 1963 infir-

254 2002 382 2074 mitate
419 2015 615 2098 gravatum
645 2025 685 2071 se
718 1999 894 2084 sentiens,
926 2025 997 2071 non
1037 2000 1226 2096 surgebat.
1293 1999 1369 2071 Sed

253 2108 341 2180 dum
370 2107 417 2180 ad
446 2107 566 2204 pirum
604 2131 754 2178 manum
792 2106 1024 2189 extenderet,
1055 2107 1176 2178 dictus
1214 2105 1368 2190 iuvenis
1406 2133 1449 2198 15

255 2214 420 2287 exhibito
445 2212 493 2286 illi
513 2212 605 2309 piru,
638 2238 786 2285 manum
818 2214 897 2285 eius
916 2213 1174 2309 apprehendit,
1205 2230 1242 2285 et
1272 2214 1371 2284 foras

255 2322 420 2395 educens
448 2345 533 2393 eum
556 2320 737 2414 disparuit
764 2320 812 2391 ab
840 2320 957 2393 oculis
985 2320 1076 2392 eius.
1134 2319 1208 2413 Qui
1238 2344 1370 2391 sanum

255 2446 292 2501 et
321 2426 542 2501 incolumem
573 2452 614 2499 se
642 2426 783 2509 videns,
822 2427 945 2524 coepit
973 2427 1047 2500 alta
1074 2452 1168 2501 voce
1196 2426 1368 2509 clamare,

256 2535 355 2632 quod
384 2536 521 2607 factum
550 2533 586 2605 in
614 2559 661 2606 eo
690 2534 809 2606 fuerat
837 2534 1009 2607 omnibus
1038 2535 1289 2607 manifestans.

342 2646 422 2738 167.
455 2641 617 2734 Quidam
647 2641 740 2712 alius
768 2641 859 2713 civis
887 2641 1120 2739 Eugubinus
1153 2667 1236 2714 cum
1257 2639 1370 2712 filium
1405 2665 1452 2712 20

255 2774 361 2821 suum
392 2749 427 2819 in
457 2748 549 2820 cista
573 2764 803 2820 contractum
824 2748 871 2819 ad
900 2748 1016 2820 sancti
1046 2750 1162 2845 patris
1189 2747 1371 2820 tumulum

255 2856 458 2937 detulisset,
481 2879 611 2926 sanum
627 2871 665 2925 et
680 2855 902 2927 incolumem
924 2855 1064 2951 recepit
1078 2880 1175 2927 eum.
1235 2855 1373 2926 Fuerat

255 2962 354 3035 enim
392 2978 495 3034 tanta
529 2960 749 3034 enormitate
784 2977 997 3033 contractus
1025 2978 1065 3034 ut
1083 2962 1195 3035 tibiae
1225 2962 1372 3032 natibus

255 3070 503 3142 adhaerentes
532 3068 653 3140 forent
682 3067 829 3161 penitus
854 3068 1049 3141 arefactae.

343 3179 425 3251 168.
464 3175 503 3247 In
532 3173 695 3247 dioecesi
734 3173 957 3249 Vulterrana
993 3174 1048 3247 vir
1085 3201 1188 3255 unus,
1222 3174 1372 3246 nomine
1405 3198 1447 3262 25

256 3282 543 3378 Riccomagnus‚
575 3281 636 3376 qui
667 3280 728 3352 vix
766 3281 935 3354 manibus
964 3307 1031 3379 per
1059 3300 1193 3354 terram
1224 3280 1371 3353 trahere

255 3416 295 3463 se
316 3388 472 3471 valebat,
505 3414 526 3460 a
555 3390 851 3485 matretpropria
880 3405 1032 3484 propter
1060 3389 1370 3485 mon[str]uosam

255 3494 511 3592 turgiditatem
541 3494 700 3577 relictus,
732 3497 843 3567 beato
881 3496 1080 3568 Francisco
1110 3494 1294 3567 humiliter
1331 3520 1373 3567 se

256 3604 455 3683 devovens,
476 3602 542 3673 fuit
571 3600 747 3673 continuo
776 3601 962 3674 liberatus.

342 3714 424 3798 169.
456 3709 495 3780 In
525 3709 657 3780 eadem
687 3709 849 3781 dioecesi
884 3709 1057 3781 mulieres
1094 3709 1200 3788 duae,
1233 3706 1373 3780 Viridis
1407 3735 1449 3800 30

255 3833 293 3890 et
312 3814 527 3912 Sanguinea
557 3816 716 3897 nomine,
745 3842 829 3888 cum
858 3817 911 3888 sic
932 3832 1057 3888 essent
1086 3832 1309 3895 contractae,
1333 3835 1374 3887 ut

255 3924 403 4021 penitus
432 3950 471 3994 se
501 3947 652 3994 movere
686 3947 759 3994 non
797 3939 961 4019 possent,
994 3922 1061 3994 nisi
1091 3923 1139 3995 ab
1168 3921 1248 3994 aliis
1290 3946 1372 4017 por-

255 4049 431 4111 tarentur,
453 4030 652 4102 excoriatis
681 4029 861 4114 manibus
884 4029 1018 4126 quibus
1046 4055 1086 4101 se
1117 4030 1302 4101 movendo
1322 4029 1373 4100 in-

256 4138 477 4219 nitebantur,
511 4162 557 4208 ex
587 4134 667 4208 solo
695 4154 783 4209 voto
813 4137 980 4209 redditae
1009 4152 1094 4208 sunt
1123 4134 1283 4214 sanitati,

342 4262 424 4331 170.
456 4242 522 4315 Vir
550 4242 701 4338 quidam
722 4244 888 4325 lacobus
913 4244 961 4315 de
982 4243 1098 4315 Podio
1128 4242 1263 4325 Bonizi,
1288 4267 1374 4314 eum
1409 4271 1453 4337 35

328 4496 368 4547 27.
390 4486 419 4535 ,ff
436 4500 610 4538 montuosam
