3142 4875
630 303 800 352 LEGExrm
829 304 994 351 SECUNDA

941 416 962 421 ...
974 414 1142 420 —.-.--.
1159 414 1367 421 .-.—-.‚.—

250 539 477 636 quandoque
497 563 563 634 per
582 537 743 634 aliquem
764 537 1009 635 contingeret,
1033 555 1073 610 ut
1093 538 1187 610 ultra
1208 562 1281 609 non
1301 538 1367 608 ad-

250 648 365 729 deret,
397 670 520 742 poena
557 646 726 726 docente,
758 645 916 717 cavebat
943 644 979 716 in
1008 661 1212 743 posterum.
1278 642 1367 716 Sine

249 752 523 825 intermissione
551 751 683 823 diebus
710 776 754 824 ac
783 751 955 823 noctibus
983 752 1207 825 exsistentes
1228 751 1263 821 in
1284 751 1367 822 loco

248 859 382 932 divinis
409 875 515 932 erant
544 857 715 930 laudibus
743 854 925 953 occupati,
957 874 994 930 et
1022 860 1137 932 odore
1174 858 1268 930 miro
1300 857 1367 929 lra-

249 983 402 1064 grantes
420 965 535 1038 vitam
556 965 743 1037 ducebant
764 965 986 1062 angelicam.
1044 964 1181 1037 Merito
1201 964 1363 1060 quidem.
1400 990 1417 1054 5

248 1073 402 1146 Solebat
421 1073 520 1146 enim
539 1090 709 1144 veterum
730 1072 933 1144 incolarum
952 1073 1070 1145 relatu
1091 1071 1229 1145 Sancta
1248 1071 1367 1143 Maria

248 1181 297 1252 de
325 1177 485 1277 Angelis
504 1178 577 1251 alio
590 1178 746 1251 nomine
766 1178 849 1251 dici.
908 1178 1130 1252 Revelatum
1150 1178 1219 1250 sibi
1240 1204 1262 1249 a
1282 1178 1367 1249 Deo

248 1285 336 1360 felix
364 1303 470 1383 pater
499 1286 656 1369 dicebat,
680 1285 828 1357 beatam
848 1284 1054 1383 Virginem,
1078 1286 1172 1358 inter
1195 1285 1285 1357 alias
1305 1309 1368 1356 ec-

249 1392 380 1466 clesias
395 1395 442 1465 ad
457 1419 565 1465 suum
582 1392 761 1464 honorem
782 1392 819 1463 in
835 1392 975 1465 mundo
991 1409 1234 1476 constructas,
1251 1390 1366 1463 eccle-

248 1499 341 1573 siam
356 1498 455 1572 illam
474 1497 624 1595 speciali
650 1522 778 1572 amore
797 1498 973 1597 diligere;
1004 1498 1197 1598 ideo[que]
1216 1515 1367 1571 sanctus
1402 1523 1445 1567 10

248 1632 331 1680 eam
361 1631 451 1703 prae
480 1605 637 1678 caeteris
665 1605 748 1703 plus
775 1607 937 1679 amabat.

500 1951 573 2049 [De
599 1952 762 2047 quadam
791 1952 957 2050 vz'rzbnel
1015 1950 1114 2023 Xlll.
1199 1986 1202 1991 ⁴

332 2160 390 2209 20.
421 2136 616 2210 Visionem
636 2139 837 2233 quamdam
857 2154 944 2211 ante
960 2138 1243 2211 conversionem
1260 2164 1365 2211 suam

250 2243 400 2340 quidam
435 2245 548 2343 [Deo]
581 2245 739 2316 devotus
769 2247 881 2317 lrater
909 2245 956 2318 de
985 2244 1065 2341 ipsa
1099 2246 1283 2345 [ecclesia]
1316 2246 1366 2316 vi·
1459 2308 1462 2313 ,

248 2353 354 2422 derat
374 2348 553 2423 relatione
574 2350 812 2449 condignam.
862 2354 1081 2424 Innumeros
1101 2352 1271 2425 homines
1291 2378 1366 2425 cer·
1401 2383 1438 2448 15

249 2460 360 2562 nebat
390 2460 425 2530 in
454 2457 535 2530 visu
564 2460 726 2532 dolenda
755 2460 937 2532 caecitate
965 2485 1173 2555 percussos,
1197 2460 1291 2532 facie
1315 2460 1366 2532 di-

248 2565 350 2637 r'ecta
379 2566 414 2636 in
444 2565 598 2649 caelum,
630 2568 792 2663 genibus
826 2566 942 2649 flexis,
975 2566 1011 2638 in
1041 2567 1149 2639 huius
1186 2567 1367 2639 ecclesiae

191 2666 192 2670 ¹
247 2688 345 2743 stare
366 2672 530 2763 circuitu.
591 2673 664 2766 Qui
686 2698 817 2745 omnes
837 2672 1052 2746 lacrimabili
1071 2699 1175 2756 voce,
1195 2674 1366 2746 manibus

246 2777 432 2876 protensis
462 2780 496 2850 in
526 2780 651 2863 altum,
684 2780 895 2852 clamabant
923 2781 971 2851 ad
999 2781 1135 2865 Deum,
1163 2780 1366 2852 misericor-

246 2884 346 2957 diam
366 2887 598 2982 postulantes
617 2904 654 2958 et
674 2888 809 2959 lumen.
868 2887 917 2959 Et
932 2912 1020 2959 ecce
1040 2887 1175 2984 ingens
1194 2888 1242 2959 de
1262 2886 1366 2958 caelo
1397 2914 1441 2960 20

246 2992 423 3089 splendor
441 2992 602 3076 advenit,
626 3019 666 3066 se
686 3020 753 3089 per
772 3019 903 3066 omnes
919 2993 1139 3076 diffundens,
1162 2994 1225 3089 qui
1245 2994 1365 3065 lucem

246 3098 445 3195 unicuique
475 3101 601 3173 tribuit
629 3118 666 3174 et
695 3101 851 3173 salutem
882 3099 1132 3172 desideratam
1169 3101 1363 3173 concessit.

312 3467 380 3539 De
423 3467 805 3540 conversatione
846 3464 1002 3537 sancti
1046 3465 1298 3536 Francisci

657 3606 702 3662 et
732 3589 944 3661 lratrum.

479 3777 551 3888 [Dr
579 3778 703 3872 rugare
730 3776 981 3873 dasciplz'nrrcl
1042 3775 1144 3846 XIV.
1398 3803 1416 3847 2
1424 3805 1438 3868 5

328 3992 385 4041 21.
417 3967 631 4061 Numquam
661 3966 839 4059 parcebat
868 3964 1014 4060 corpori
1036 3962 1173 4036 Christi
1194 3979 1367 4035 strenuus

244 4075 360 4154 miles,
378 4097 571 4168 exponens
587 4070 685 4156 illud,
704 4089 894 4166 tamquam
911 4071 1071 4143 alienum
1088 4096 1110 4142 a
1125 4095 1177 4154 se,
1194 4069 1367 4142 omnibus

321 4283 501 4353 1..llquando
574 4298 597 4349 7.
610 4282 775 4334 truentum
849 4280 1212 4345 14.Aonr.Deoctecclesia
1286 4280 1368 4332 zuar

247 4381 293 4414 mu.
311 4379 407 4414 omncs
481 4378 522 4430 23.
538 4362 686 4429 francisci]
704 4362 737 4414 M
748 4362 830 4431 patris
905 4376 945 4426 27.
966 4361 1096 4428 alienum]
1118 4362 1137 4414 R
1158 4360 1267 4412 alicuius
