3142 4875
634 370 737 418 attan
768 371 950 418 russeum
1277 352 1346 438 361

237 479 275 485 ..—
290 480 580 487 q———ae
609 480 1148 488 -.,...——..-„—.—„,—-‚.„..--

286 708 462 799 Qualiter
486 707 684 779 desideriis
711 709 836 778 saneti
860 708 1060 779 Francisci
1076 717 1202 802 preste
1216 707 1306 800 feeit

481 834 624 917 semper
649 824 783 894 de've'eee
812 823 1003 895 clementie
1060 823 1104 894 V.

318 1061 377 1130 33.
409 1037 495 1109 Non
525 1036 644 1108 solum
675 1053 845 1108 creatura
882 1034 961 1106 viro
998 1034 1056 1107 isti
1092 1034 1279 1108 serviebat
1307 1037 1353 1106 ad

235 1160 375 1226 nutum,
408 1144 473 1215 sed
506 1143 696 1215 Creatoris
716 1143 855 1238 ubique
873 1141 1109 1238 providentia
1128 1143 1354 1215 condescen-

191 1279 205 1340 5
235 1251 348 1324 debat
362 1251 410 1323 ad
428 1248 613 1346 placitum.
672 1249 977 1345 Praeoccupabat
995 1248 1075 1320 eius
1090 1265 1178 1328 vota
1198 1267 1353 1346 paterna

235 1356 294 1430 illa
324 1356 531 1439 clementia,
553 1373 591 1427 et
619 1357 721 1429 velut
749 1356 785 1427 in
815 1381 856 1427 se
886 1356 1022 1428 iactato
1050 1372 1256 1453 praeventu
1282 1356 1353 1427 sol-

234 1462 433 1537 licitudinis
462 1465 692 1536 occurrebat.
752 1462 869 1534 Simul
898 1480 1004 1535 erant
1032 1487 1156 1535 rerum
1185 1462 1354 1535 delectus

235 1589 271 1642 et
300 1570 496 1666 suppletio,
528 1569 636 1642 simul
665 1569 891 1642 desiderium
921 1587 959 1642 et
986 1585 1201 1666 proventus.

314 1677 431 1749 Sexto
455 1701 545 1748 suae
575 1676 831 1750 conversionis
850 1701 959 1760 annu,
982 1676 1169 1748 desiderio
1189 1677 1353 1771 martyrii

169 1807 206 1853 ro
237 1785 408 1882 flagrans,
431 1783 480 1855 ad
501 1800 626 1879 partes
654 1783 788 1879 Syriae
825 1782 942 1854 voluit
968 1783 1220 1855 transfretare.
1280 1784 1353 1876 Qui

236 1917 318 1963 cum
349 1915 483 1963 navem
512 1891 713 1985 quamdam
745 1906 783 1961 ut
813 1887 896 1961 illuc
931 1891 1102 1961 tenderet
1131 1889 1351 1970 intravisset,

238 1997 355 2070 ventis
397 1996 593 2070 contrariis
631 1997 816 2075 flantibus,
848 1995 884 2068 in
924 1996 1092 2092 partibus
1134 1995 1353 2068 Sclavoniae

235 2130 319 2177 cum
335 2103 493 2176 caeteris
513 2103 776 2201 navigantibus
796 2128 836 2175 se
856 2103 1008 2175 invenit.
1067 2102 1210 2175 Videns
1229 2118 1352 2175 autem

235 2238 255 2283 a
286 2228 391 2283 tanto
420 2209 606 2282 desiderio
635 2236 675 2282 se
705 2210 927 2292 fraudatum,
960 2209 1059 2282 lacto
1089 2208 1236 2282 modico
1260 2226 1354 2296 tem-

170 2340 204 2403 15
236 2318 335 2414 poris
356 2316 559 2398 intervallo
586 2320 756 2412 nautla]s
776 2318 959 2413 quosdam
983 2316 1181 2389 Anconam
1201 2317 1354 2389 tenden-

235 2442 301 2508 tes,
330 2441 369 2497 ut
392 2451 477 2496 eum
502 2450 629 2497 secum
655 2425 949 2506 transveherent,
977 2423 1155 2497 exoravit.
1214 2422 1353 2495 Verum

235 2534 306 2604 hoc
325 2556 440 2628 agere
470 2531 694 2627 pertinacius
715 2532 972 2603 recusantibus
992 2547 1145 2628 propter
1166 2530 1353 2603 desectum

235 2663 495 2734 expensarum,
533 2655 683 2711 sanctus
720 2637 803 2721 Dei,
841 2638 1033 2710 confidens
1070 2639 1265 2735 plurimum
1307 2639 1354 2708 de

235 2746 388 2818 Domini
418 2745 593 2827 bonitate,
619 2771 751 2817 navem
772 2745 931 2817 latenter
951 2770 1033 2817 cum
1055 2744 1158 2817 socio
1179 2745 1351 2815 introivit,

167 2873 206 2918 20
236 2851 366 2923 Adfuit
395 2852 517 2924 subito
546 2851 671 2924 divina
709 2852 944 2949 providentia
976 2851 1127 2947 quidam
1155 2877 1178 2924 a
1207 2853 1355 2923 nemine

235 2956 418 3056 cognitus,
438 2983 564 3031 secum
582 2960 791 3032 necessaria
808 2958 925 3030 victus
942 2957 1074 3031 ferens.
1134 2957 1208 3052 Qui
1229 2984 1355 3053 quem-

235 3065 319 3138 dam
350 3066 475 3137 Deum
504 3067 697 3138 timentem
726 3066 774 3137 de
804 3065 888 3137 navi
917 3065 964 3137 ad
994 3091 1034 3136 se
1061 3066 1216 3147 vocavit,
1240 3083 1277 3136 et
1306 3065 1356 3135 ait

235 3172 283 3244 ad
318 3198 421 3245 eum:
461 3170 569 3244 Tolle
605 3182 726 3245 tecum
767 3173 860 3244 haec
895 3171 1030 3254 omnia,
1063 3189 1101 3244 et
1129 3171 1355 3268 pauperibus

236 3279 315 3365 hiis,
346 3279 382 3350 in
413 3278 496 3351 navi
526 3279 766 3359 latitantibus,
800 3279 1032 3351 necessitatis
1061 3297 1229 3374 tempore
1265 3278 1353 3348 litle-

168 3405 204 3467 25
236 3385 317 3457 liter
345 3386 550 3458 exhibebis.
609 3385 746 3481 Sicque
776 3385 1010 3464 factumest.
1042 3402 1081 3457 ut
1110 3411 1193 3456 cum
1215 3403 1353 3477 tempe-

235 3508 331 3565 state
357 3492 468 3564 nimia
496 3512 637 3575 exorta,
661 3518 728 3588 per
758 3488 892 3564 multos
912 3491 992 3564 dies
1012 3493 1224 3565 laborantes
1245 3490 1279 3562 in
1303 3518 1353 3561 re-

236 3600 415 3695 migando
435 3590 573 3671 cibaria
588 3599 713 3672 omnia
729 3600 1058 3694 consumpsissent,
1081 3600 1161 3671 sola
1180 3598 1354 3694 pauperis

235 3705 423 3778 Francisci
454 3705 592 3779 cibaria
620 3724 870 3803 superessent.
931 3706 1041 3799 Quae
1070 3706 1106 3777 in
1135 3721 1277 3777 tantum
1304 3704 1353 3773 di·

236 3813 320 3884 vina
335 3812 457 3909 gratia
475 3830 514 3885 et
534 3813 670 3885 virtute
691 3812 934 3909 multiplicata
948 3828 1045 3893 sunt,
1069 3830 1108 3885 ut
1130 3837 1213 3883 cum
1235 3813 1355 3883 adbuc

160 3942 205 4007 30
236 3919 394 4014 plurium
424 3918 567 3991 dierum
597 3920 719 3991 forent
749 3918 999 4014 navigationis
1033 3919 1175 4000 itinera,
1215 3943 1263 3989 ex
1301 3917 1354 3987 sui

234 4026 342 4122 copia
373 4051 490 4121 usque
518 4026 565 4097 ad
595 4041 744 4123 portum
775 4026 969 4113 Anconae,
1001 4026 1168 4096 omnium
1200 4025 1356 4095 necessi-

233 4133 373 4204 tatibus
402 4133 653 4205 subvenirent.
714 4132 896 4203 Videntes
926 4131 1053 4227 itaque
1072 4158 1112 4203 se
1135 4148 1269 4202 nautae
1291 4158 1356 4225 per

234 4264 383 4310 servum
415 4238 487 4310 Dei
516 4239 756 4312 Franciscum
787 4238 900 4309 maris
930 4239 1095 4334 pericula
1123 4233 1298 4313 evasisse,
1321 4254 1357 4306 et

311 4481 348 4532 ις.
370 4466 401 4518 ll
419 4481 515 4520 nautos
