3142 4875
275 332 351 400 240
650 336 822 384 LEGENDA
850 335 1017 384 SECUNDA

269 567 422 640 domina
440 585 652 665 paupertas.
711 566 845 640 Statim
864 583 1016 640 sanctus
1035 567 1211 641 indicibili
1229 568 1392 665 repletus

271 692 328 747 est
356 675 507 773 gaudio,
541 690 670 770 utpote
696 673 757 771 qui
789 674 877 746 nihil
897 674 933 746 in
954 698 995 746 se
1014 675 1251 748 salutandum
1276 675 1391 747 homi·

272 782 379 853 nibus
399 796 475 853 tam
496 781 654 853 libenter
675 782 841 863 haberet,
864 805 976 876 quam
991 782 1093 878 quod
1114 781 1197 854 illae
1217 784 1391 854 decreve-

271 904 365 960 rant.
423 887 472 958 Et
490 887 593 985 prius
612 887 764 983 quidem
784 888 941 960 seminas
960 913 1044 960 esse
1064 904 1242 984 reputans
1262 913 1391 961 revera

271 995 529 1090 pauperculas,
560 1019 762 1067 conversus
781 994 829 1066 ad
850 995 1036 1066 medicum
1061 994 1123 1091 qui
1144 995 1391 1068 comitabatur
1420 1023 1438 1086 5

271 1102 341 1174 ait:
373 1102 485 1198 Rogo
513 1117 560 1185 te,
593 1100 724 1172 intuitu
752 1101 838 1186 Dei,
860 1100 918 1184 da,
951 1117 990 1173 ut
1019 1102 1105 1174 dem
1134 1102 1274 1197 aliquid
1304 1127 1391 1198 pau·

271 1207 431 1304 perculis
451 1208 530 1280 illis.
590 1205 779 1279 Citissime
798 1206 950 1304 protulit
971 1207 1039 1291 ille,
1063 1224 1101 1279 et
1120 1233 1219 1304 equo
1237 1210 1392 1281 avolans

271 1314 399 1386 tribuit
428 1314 627 1409 unicuique
657 1338 840 1386 nummos.
912 1315 1125 1387 Procedunt
1152 1340 1248 1412 ergo
1278 1315 1391 1386 modi·

273 1447 357 1493 cum
386 1420 446 1493 via
475 1437 619 1516 coepta,
642 1447 726 1492 curn
747 1421 871 1493 statim
893 1438 1156 1494 convertentes
1175 1423 1304 1494 oculos
1324 1423 1393 1493 lra-

272 1544 348 1599 tres
376 1543 414 1599 et
443 1528 609 1599 medicus
643 1545 760 1600 totam
798 1527 896 1599 illam
927 1526 1118 1624 planitiem
1148 1528 1286 1600 nudam
1317 1554 1393 1599 mu·
1424 1555 1465 1600 10

272 1633 423 1706 lieribus
460 1649 626 1706 cernunt.
698 1634 901 1706 Plurimum
934 1633 1131 1731 stupefacti
1165 1633 1393 1707 mirabilibus
1557 1633 1558 1636 '

274 1739 384 1839 [Dei]
402 1757 577 1813 eventum
593 1740 851 1823 adnumerant,
871 1741 1044 1814 mulieres
1060 1767 1133 1814 non
1149 1741 1263 1814 luisse
1277 1742 1393 1813 scien·

272 1865 340 1930 tes
372 1872 468 1944 quae
497 1847 629 1920 avibus
657 1847 760 1919 ocius
789 1848 1092 1921 transvolassent.

325 2307 393 2379 De
431 2308 589 2380 studio
627 2309 859 2382 orationis
896 2308 1044 2382 sancti
1082 2308 1336 2382 Francisci.

385 2519 457 2617 [De
476 2531 642 2617 tempore,
665 2523 736 2594 loco
754 2534 788 2594 et
805 2524 935 2619 affectu
955 2523 1126 2622 orantis}
1185 2522 1283 2594 LXl.
1425 2549 1460 2617 ¹5

355 2756 416 2823 94.
449 2732 616 2830 Corpore
637 2734 859 2832 peregrinus
879 2760 901 2807 a
920 2733 1086 2807 Domino
1113 2734 1168 2806 vir
1186 2735 1259 2807 Dei
1280 2736 1393 2807 Fran-

273 2841 394 2912 ciscus
432 2858 668 2936 praesentem
708 2841 876 2936 spiritum
914 2840 1018 2914 caelo
1056 2842 1308 2914 contendebat
1342 2842 1392 2912 in·

274 2948 380 3029 serre,
412 2963 450 3019 et
478 2948 699 3044 angelorum
729 2946 847 3020 civem
879 2948 950 3021 iam
981 2949 1117 3020 sactum
1146 2947 1248 3021 solus
1272 2947 1392 3020 carnis

273 3054 396 3150 paries
416 3053 664 3151 disiungebnt.
723 3054 822 3127 Tota
852 3056 887 3126 in
919 3056 1108 3127 Christum
1132 3081 1240 3127 suum
1268 3055 1392 3127 anima

273 3161 433 3245 sitiebat,
464 3178 583 3232 totum
612 3161 693 3260 ill[i]
728 3188 801 3234 non
831 3163 949 3234 solum
979 3161 1102 3234 cordis
1131 3163 1197 3234 sed
1227 3162 1392 3257 corporis
1419 3190 1459 3235 20

273 3267 481 3341 dedicabat.
532 3268 757 3340 Orationum
773 3269 853 3340 eius
869 3268 1066 3366 magnalia,
1085 3285 1265 3365 quantum
1277 3268 1392 3341 oculis

272 3375 442 3457 vidimus,
474 3392 585 3471 prout
613 3374 791 3471 possibile
820 3392 876 3448 est
914 3376 1085 3448 humanis
1127 3374 1277 3448 auribus
1318 3391 1392 3447 tra-

272 3484 372 3564 dere,
412 3481 591 3555 imitanda
633 3481 792 3577 posteris
834 3507 954 3577 pauca
982 3482 1186 3555 referimus,
1262 3481 1392 3555 Otium

272 3605 453 3671 sanctum,
485 3614 561 3683 quo
589 3590 810 3685 sapientiam
841 3589 942 3661 cordi
972 3589 1201 3672 inscriberet,
1233 3588 1393 3661 saciebat

272 3696 319 3768 de
348 3710 520 3791 tempore
549 3711 637 3778 tot0,
671 3722 727 3779 ne,
759 3697 789 3767 si
820 3721 893 3768 non
923 3722 1072 3791 semper
1092 3696 1299 3792 proficeret,
1331 3697 1392 3767 de·
1419 3723 1457 3789 25

273 3802 383 3874 ficere
399 3802 597 3874 videretur.
656 3802 695 3874 Si
716 3803 867 3898 quando
886 3802 1118 3875 visitationes
1133 3803 1388 3884 saecularium,

272 3935 338 3981 seu
354 3909 508 4005 quaevis
525 3908 675 4005 negotia
692 3910 927 4006 ingruebant,
946 3909 1123 4006 praecisis
1141 3910 1264 4006 potius
1281 3932 1392 4006 quam
1500 3990 1503 3995 Δ

274 4015 385 4087 finitis
413 4016 461 4088 ad
490 4014 618 4088 intima
647 4017 873 4089 recurrebat.
932 4016 1116 4114 lnsipidus
1141 4017 1293 4112 quidem
1314 4030 1393 4087 erat

347 4243 368 4279 1.
387 4229 413 4279 ll
427 4228 578 4297 completus
656 4243 693 4280 η.
708 4228 771 4297 Dei]
787 4228 812 4280 A
826 4239 888 4280 tunc
964 4229 1046 4297 13..ll
1060 4226 1182 4280 velocius
1258 4240 1352 4293 14·15.
1366 4224 1394 4275 ll

274 4304 409 4357 Francisci
428 4319 454 4358 et
474 4308 506 4359 de
581 4321 620 4359 20.
635 4308 659 4359 A
675 4307 750 4359 illum
807 4307 937 4376 corporis]
955 4307 977 4360 R
993 4307 1122 4377 temporis
1194 4321 1236 4359 22.
1253 4303 1391 4375 possibile]

273 4384 302 4434 ll
321 4382 361 4435 fas
435 4401 476 4450 24.
497 4388 527 4438 M
546 4400 667 4439 sanctam
1248 4380 1252 4387 ’
