3142 4875
251 351 325 423 322
629 351 800 402 reconna
828 351 994 402 sacunino

248 587 295 660 ab
324 612 371 659 eo
399 588 603 660 revelatum
632 602 699 668 est,
739 586 787 658 de
816 586 939 658 futuro
966 586 1079 658 trahit
1113 584 1295 658 rationem
1331 599 1371 657 et

249 694 372 767 finem.
430 694 552 766 Verus
579 693 659 776 erit,
690 691 902 791 dignusque
931 691 1014 777 fide,
1047 691 1105 765 cui
1133 708 1275 776 natura,
1307 691 1369 764 lex

248 817 286 874 et
313 801 435 900 gratia
462 816 578 874 testes
606 816 725 873 erunt.

435 1120 504 1193 De
533 1118 837 1217 pauperibus
865 1119 1180 1198 dominabus,

252 1280 454 1394 [Quomodo
472 1275 767 1383 oolebalfrotres
780 1290 997 1361 conuersari
1010 1313 1092 1360 cum
1111 1279 1191 1395 eis}
1251 1287 1364 1361 CLV.
1401 1317 1420 1381 5

331 1525 416 1592 204.
447 1498 655 1598 Spiritualis
683 1499 841 1573 aedificii
871 1500 1100 1585 memoriam,
1130 1499 1246 1574 multo
1267 1499 1368 1572 nobi-

246 1607 376 1682 liorem
405 1608 453 1680 ab
482 1608 543 1681 illa
571 1623 719 1680 terrena
747 1632 859 1703 quarn
888 1607 1022 1680 beatus
1040 1623 1148 1705 pater
1167 1623 1253 1704 post
1272 1607 1368 1680 iilius

246 1714 447 1788 materialis
474 1716 656 1787 ecclesiae
685 1713 959 1810 reparationem
988 1713 1025 1787 in
1053 1733 1300 1812 augmentum
1320 1715 1368 1786 ci-

245 1822 371 1895 vitatis
398 1846 593 1919 supernae,
625 1821 763 1918 Spiritu
794 1820 932 1893 Sancto
952 1821 1119 1904 ductore,
1141 1820 1203 1894 illo
1229 1823 1263 1893 in
1284 1823 1368 1894 loco

246 1928 412 2014 instituit,
445 1954 518 2002 non
547 1927 701 2025 expedit
738 1926 885 2000 silentio
913 1929 1128 2024 praeterire.
1185 1929 1272 2001 Non
1311 1944 1368 2001 est
1401 1956 1444 2003 10

248 2037 476 2109 credendum
505 2036 607 2133 quod
635 2061 704 2132 pro
733 2033 899 2132 perituro
919 2051 966 2107 ⁴et
994 2035 1132 2108 labenti
1162 2060 1277 2131 opere
1313 2061 1367 2108 re-

246 2144 415 2240 parando
443 2144 492 2216 de
520 2141 623 2240 ligno
652 2141 772 2215 crucis
792 2142 860 2214 sibi
882 2143 1027 2215 locutus
1047 2141 1157 2215 fuerit
1181 2142 1365 2226 ChristuS,

245 2253 358 2323 modo
388 2250 516 2346 utique
544 2250 597 2322 sic
625 2249 823 2345 stupendo,
855 2248 916 2346 qui
937 2249 1175 2322 audientibus
1194 2249 1366 2321 timorem

245 2356 375 2430 incutit
402 2373 440 2430 et
468 2356 635 2429 dolorem
665 2355 841 2436 immittit,
906 2356 992 2442 Sed,
1023 2355 1119 2429 sicut
1146 2355 1233 2428 olim
1263 2381 1367 2453 prae·

245 2465 390 2539 dixerat
419 2463 578 2562 Spiritus
606 2464 776 2550 Sanctus,
812 2464 906 2537 ordo
938 2480 1151 2537 sanctarum
1179 2463 1365 2562 virginum
1399 2490 1439 2554 15

245 2572 293 2643 ibi
323 2572 486 2645 debebat
514 2570 664 2655 institui,
696 2571 759 2667 qui
788 2572 836 2644 ad
865 2569 1174 2644 restaurationem
1195 2570 1366 2643 caelestis

245 2678 389 2761 domus,
429 2678 530 2750 velut
564 2678 733 2751 vivorum
767 2678 930 2775 lapidum
960 2677 1125 2775 expolita
1154 2677 1362 2774 congeries,

245 2801 325 2858 erat
352 2784 552 2881 aliquando
582 2786 872 2858 transferendus.
930 2784 1071 2858 Verum
1101 2801 1299 2880 postquam
1328 2784 1365 2855 in

245 2891 327 2964 loco
355 2892 417 2966 illo
446 2893 645 2965 convenire
675 2907 881 2989 coeperunt
899 2892 1066 2990 virgines
1086 2890 1235 2976 Christi,
1261 2893 1366 2964 etde

245 2999 401 3072 diversis
430 2999 557 3072 mundi
587 2999 754 3096 partibus
788 2998 1004 3097 aggregari,
1035 3023 1219 3071 summam
1257 2997 1366 3096 profi·
1395 3021 1439 3069 20

196 3180 198 3183 ,
245 3122 367 3179 tentes
395 3105 662 3203 perfectionem
693 3106 728 3177 in
758 3106 996 3178 observantia
1019 3106 1249 3203 paupertatis
1268 3104 1366 3179 altis-

244 3212 371 3297 simae,
390 3237 434 3286 ac
462 3212 628 3285 omnium
657 3212 834 3284 virtutum
854 3214 1040 3295 decorem,
1064 3212 1150 3285 licet
1169 3230 1276 3310 pater
1295 3212 1366 3284 illis

244 3319 421 3417 paulatim
451 3346 556 3393 suam
586 3319 836 3416 praesentiam
870 3318 1103 3415 corporalem
1131 3320 1363 3416 subduxerit,

244 3425 418 3500 affectum
447 3442 573 3499 tamen
603 3426 638 3499 in
658 3426 797 3522 Spiritu
818 3425 958 3499 Sancto
976 3426 1025 3499 ad
1044 3426 1206 3523 ipsarum
1237 3451 1364 3498 curam

245 3534 425 3606 extendit.
483 3535 593 3619 Nam,
615 3559 699 3606 cum
722 3558 790 3629 per
808 3533 914 3629 plura
933 3558 1102 3606 summae
1126 3533 1364 3628 perfectionis
1395 3556 1435 3622 25

245 3658 468 3737 argumenta
491 3643 677 3738 probatas,
700 3656 851 3713 sanctus
880 3664 944 3713 eas
973 3639 1194 3738 cognoverit
1212 3664 1364 3711 omnem

245 3773 313 3844 pro
357 3748 507 3820 Christo
544 3764 692 3845 paratas
729 3746 913 3820 sustinere
952 3748 1129 3820 iacturam
1165 3763 1203 3818 et
1240 3746 1364 3819 subire

245 3855 421 3937 laborem,
454 3880 522 3927 nec
551 3880 573 3927 a
601 3854 739 3927 sanctis
760 3853 944 3927 mandatis
964 3854 1058 3926 velle
1082 3851 1284 3950 aliquando
1303 3855 1365 3926 dc·

245 4066 332 4117 Verus
352 4064 401 4119 erit
419 4064 569 4135 dignusque
589 4063 640 4116 fide
661 4063 671 4132 [
683 4102 909 4116 .............

245 4160 271 4197 cr
291 4146 375 4211 gratia
396 4157 477 4198 restes
496 4156 583 4198 erunt.

315 4259 377 4311 4-5.
399 4246 429 4296 ,tr
447 4243 609 4296 dominabus
628 4256 653 4296 et
673 4243 813 4313 quomodo
889 4258 927 4295 10.
949 4241 970 4293 P
987 4242 1124 4294 constituit
1208 4257 1247 4309 13.
1267 4240 1365 4311 quiJ'R

245 4325 315 4391 quod
383 4324 615 4389 14.Mom.sicut
679 4338 719 4375 22.
737 4324 765 4375 u
777 4324 876 4376 decore
914 4322 1057 4377 Rillarum
1119 4323 1364 4387 24-25.Acuram

246 4419 349 4471 semper
370 4403 490 4456 extendit
562 4402 604 4456 26.
625 4404 749 4472 omnem]
772 4406 802 4457 ,u
821 4420 895 4465 esse;
922 4404 942 4458 R
963 4404 1088 4456 omnium
1166 4401 1207 4454 28.
1229 4404 1258 4455 Μ
1276 4401 1363 4454 sancti
