<?xml version="1.0" encoding="UTF-8"?>
<!DOCTYPE html PUBLIC "-//W3C//DTD XHTML 1.0 Transitional//EN"
    "http://www.w3.org/TR/xhtml1/DTD/xhtml1-transitional.dtd">
<html xmlns="http://www.w3.org/1999/xhtml" xml:lang="en" lang="en">
 <head>
  <title>
</title>
<meta http-equiv="Content-Type" content="text/html;charset=utf-8" />
  <meta name='ocr-system' content='tesseract 3.04.00' />
  <meta name='ocr-capabilities' content='ocr_page ocr_carea ocr_par ocr_line ocrx_word'/>
</head>
<body>
  <div class='ocr_page' id='page_1' title='image "./sfrancisciassis00dogoog_0358.png"; bbox 0 0 3142 4875; ppageno 0'>
   <div class='ocr_carea' id='block_1_1' title="bbox 274 317 1018 389">
    <p class='ocr_par' dir='ltr' id='par_1_1' title="bbox 274 317 1018 389">
     <span class='ocr_line' id='line_1_1' title="bbox 274 317 1018 389; baseline 0.007 -7"><span class='ocrx_word' id='word_1_1' title='bbox 274 317 348 383; x_wconf 81' lang='lat'>266</span> <span class='ocrx_word' id='word_1_2' title='bbox 651 341 820 389; x_wconf 65' lang='lat' dir='ltr'>tactuum</span> <span class='ocrx_word' id='word_1_3' title='bbox 851 340 1018 389; x_wconf 64' lang='lat' dir='ltr'>suctum</span> 
     </span>
    </p>
   </div>
   <div class='ocr_carea' id='block_1_2' title="bbox 267 572 1389 992">
    <p class='ocr_par' dir='ltr' id='par_1_2' title="bbox 267 572 1389 992">
     <span class='ocr_line' id='line_1_2' title="bbox 267 572 1389 654; baseline 0.004 -11"><span class='ocrx_word' id='word_1_4' title='bbox 267 588 377 654; x_wconf 81' lang='lat' dir='ltr'>stete,</span> <span class='ocrx_word' id='word_1_5' title='bbox 399 573 519 645; x_wconf 92' lang='lat' dir='ltr'>donec</span> <span class='ocrx_word' id='word_1_6' title='bbox 536 573 669 646; x_wconf 91' lang='lat' dir='ltr'>reddat</span> <span class='ocrx_word' id='word_1_7' title='bbox 688 572 721 646; x_wconf 91' lang='lat' dir='ltr'>ei</span> <span class='ocrx_word' id='word_1_8' title='bbox 741 573 797 645; x_wconf 84' lang='lat' dir='ltr'>sui</span> <span class='ocrx_word' id='word_1_9' title='bbox 814 574 985 647; x_wconf 88' lang='lat' dir='ltr'>salutaris</span> <span class='ocrx_word' id='word_1_10' title='bbox 999 573 1188 649; x_wconf 82' lang='lat' dir='ltr'><strong>laetitiam.</strong></span> <span class='ocrx_word' id='word_1_11' title='bbox 1234 575 1272 649; x_wconf 89' lang='lat' dir='ltr'>Si</span> <span class='ocrx_word' id='word_1_12' title='bbox 1288 577 1389 650; x_wconf 91' lang='lat' dir='ltr'>enim</span> 
     </span>
     <span class='ocr_line' id='line_1_3' title="bbox 268 677 1388 766; baseline 0.005 -16"><span class='ocrx_word' id='word_1_13' title='bbox 268 677 304 751; x_wconf 92' lang='lat' dir='ltr'>in</span> <span class='ocrx_word' id='word_1_14' title='bbox 336 678 520 752; x_wconf 87' lang='lat' dir='ltr'>moestitia</span> <span class='ocrx_word' id='word_1_15' title='bbox 556 679 684 753; x_wconf 90' lang='lat' dir='ltr'>lecerit</span> <span class='ocrx_word' id='word_1_16' title='bbox 720 706 873 766; x_wconf 90' lang='lat' dir='ltr'>moram,</span> <span class='ocrx_word' id='word_1_17' title='bbox 916 681 1105 754; x_wconf 81' lang='lat' dir='ltr'>adolescet</span> <span class='ocrx_word' id='word_1_18' title='bbox 1137 683 1388 756; x_wconf 89' lang='lat' dir='ltr'>babilonicum</span> 
     </span>
     <span class='ocr_line' id='line_1_4' title="bbox 268 784 1387 887; baseline 0.005 -31"><span class='ocrx_word' id='word_1_19' title='bbox 268 784 367 864; x_wconf 83' lang='lat' dir='ltr'>illud.</span> <span class='ocrx_word' id='word_1_20' title='bbox 398 786 500 881; x_wconf 89' lang='lat' dir='ltr'>quod</span> <span class='ocrx_word' id='word_1_21' title='bbox 536 788 688 859; x_wconf 88' lang='lat' dir='ltr'>tandem</span> <span class='ocrx_word' id='word_1_22' title='bbox 722 786 790 859; x_wconf 89' lang='lat' dir='ltr'>nisi</span> <span class='ocrx_word' id='word_1_23' title='bbox 832 813 899 884; x_wconf 92' lang='lat' dir='ltr'>per</span> <span class='ocrx_word' id='word_1_24' title='bbox 935 787 1106 861; x_wconf 85' lang='lat' dir='ltr'>lacrimas</span> <span class='ocrx_word' id='word_1_25' title='bbox 1143 806 1387 887; x_wconf 84' lang='lat' dir='ltr'>expurgetur,</span> 
     </span>
     <span class='ocr_line' id='line_1_5' title="bbox 269 893 1164 992; baseline 0.003 -28"><span class='ocrx_word' id='word_1_26' title='bbox 269 917 480 965; x_wconf 84' lang='lat' dir='ltr'>mansuram</span> <span class='ocrx_word' id='word_1_27' title='bbox 509 893 707 990; x_wconf 83' lang='lat' dir='ltr'>generabit</span> <span class='ocrx_word' id='word_1_28' title='bbox 735 894 770 964; x_wconf 93' lang='lat' dir='ltr'>in</span> <span class='ocrx_word' id='word_1_29' title='bbox 801 896 913 966; x_wconf 92' lang='lat' dir='ltr'>corde</span> <span class='ocrx_word' id='word_1_30' title='bbox 942 895 1164 992; x_wconf 86' lang='lat' dir='ltr'>rubiginem.</span> 
     </span>
    </p>
   </div>
   <div class='ocr_carea' id='block_1_3' title="bbox 300 1254 1437 1354">
    <p class='ocr_par' dir='ltr' id='par_1_3' title="bbox 300 1254 1437 1354">
     <span class='ocr_line' id='line_1_6' title="bbox 300 1254 1437 1354; baseline 0.003 -28"><span class='ocrx_word' id='word_1_31' title='bbox 300 1254 376 1352; x_wconf 80' lang='lat' dir='ltr'>[De</span> <span class='ocrx_word' id='word_1_32' title='bbox 402 1256 550 1326; x_wconf 69' lang='lat' dir='ltr'>cithara</span> <span class='ocrx_word' id='word_1_33' title='bbox 578 1256 746 1352; x_wconf 70' lang='lat' dir='ltr'>angelica</span> <span class='ocrx_word' id='word_1_34' title='bbox 774 1282 886 1351; x_wconf 79' lang='lat' dir='ltr'>quam</span> <span class='ocrx_word' id='word_1_35' title='bbox 906 1257 1086 1354; x_wconf 66' lang='lat' dir='ltr'>audivit}</span> <span class='ocrx_word' id='word_1_36' title='bbox 1145 1256 1362 1330; x_wconf 85' lang='lat' dir='ltr'>LXXXIX.</span> <span class='ocrx_word' id='word_1_37' title='bbox 1420 1288 1437 1352; x_wconf 84' lang='lat'><em>5</em></span> 
     </span>
    </p>
   </div>
   <div class='ocr_carea' id='block_1_4' title="bbox 268 1440 1464 4099">
    <p class='ocr_par' dir='ltr' id='par_1_4' title="bbox 268 1440 1464 4099">
     <span class='ocr_line' id='line_1_7' title="bbox 355 1440 1391 1539; baseline 0.005 -28"><span class='ocrx_word' id='word_1_38' title='bbox 355 1446 437 1512; x_wconf 79' lang='lat'>126.</span> <span class='ocrx_word' id='word_1_39' title='bbox 451 1440 740 1536; x_wconf 86' lang='lat' dir='ltr'>Diebusquibus</span> <span class='ocrx_word' id='word_1_40' title='bbox 756 1467 824 1537; x_wconf 87' lang='lat' dir='ltr'>pro</span> <span class='ocrx_word' id='word_1_41' title='bbox 841 1468 930 1516; x_wconf 90' lang='lat' dir='ltr'>cura</span> <span class='ocrx_word' id='word_1_42' title='bbox 944 1440 1136 1514; x_wconf 93' lang='lat' dir='ltr'>oculorum</span> <span class='ocrx_word' id='word_1_43' title='bbox 1153 1444 1252 1539; x_wconf 88' lang='lat' dir='ltr'>apud</span> <span class='ocrx_word' id='word_1_44' title='bbox 1269 1444 1391 1516; x_wconf 87' lang='lat' dir='ltr'>Reate</span> 
     </span>
     <span class='ocr_line' id='line_1_8' title="bbox 271 1547 1392 1645; baseline 0.003 -26"><span class='ocrx_word' id='word_1_45' title='bbox 271 1548 454 1630; x_wconf 88' lang='lat' dir='ltr'>manebat,</span> <span class='ocrx_word' id='word_1_46' title='bbox 487 1547 632 1619; x_wconf 87' lang='lat' dir='ltr'>vocavit</span> <span class='ocrx_word' id='word_1_47' title='bbox 662 1574 774 1619; x_wconf 92' lang='lat' dir='ltr'>unum</span> <span class='ocrx_word' id='word_1_48' title='bbox 804 1549 852 1620; x_wconf 90' lang='lat' dir='ltr'>de</span> <span class='ocrx_word' id='word_1_49' title='bbox 881 1548 1001 1631; x_wconf 68' lang='lat' dir='ltr'>sociis</span> <span class='ocrx_word' id='word_1_50' title='bbox 1034 1549 1096 1645; x_wconf 91' lang='lat' dir='ltr'>qui</span> <span class='ocrx_word' id='word_1_51' title='bbox 1118 1550 1237 1622; x_wconf 88' lang='lat' dir='ltr'>suerat</span> <span class='ocrx_word' id='word_1_52' title='bbox 1256 1549 1292 1622; x_wconf 90' lang='lat' dir='ltr'>in</span> <span class='ocrx_word' id='word_1_53' title='bbox 1313 1576 1392 1623; x_wconf 87' lang='lat' dir='ltr'>sae-</span> 
     </span>
     <span class='ocr_line' id='line_1_9' title="bbox 270 1654 1392 1739; baseline 0 -12"><span class='ocrx_word' id='word_1_54' title='bbox 270 1654 352 1727; x_wconf 92' lang='lat' dir='ltr'>culo</span> <span class='ocrx_word' id='word_1_55' title='bbox 381 1654 580 1739; x_wconf 87' lang='lat' dir='ltr'>citharista,</span> <span class='ocrx_word' id='word_1_56' title='bbox 611 1654 755 1727; x_wconf 90' lang='lat' dir='ltr'>dicens:</span> <span class='ocrx_word' id='word_1_57' title='bbox 780 1655 920 1736; x_wconf 78' lang='lat' dir='ltr'>Frater,</span> <span class='ocrx_word' id='word_1_58' title='bbox 952 1655 1014 1727; x_wconf 85' lang='lat' dir='ltr'>filii</span> <span class='ocrx_word' id='word_1_59' title='bbox 1044 1656 1182 1728; x_wconf 91' lang='lat' dir='ltr'>saeculi</span> <span class='ocrx_word' id='word_1_60' title='bbox 1211 1656 1320 1728; x_wconf 89' lang='lat' dir='ltr'>buius</span> <span class='ocrx_word' id='word_1_61' title='bbox 1340 1656 1392 1729; x_wconf 91' lang='lat' dir='ltr'>di·</span> 
     </span>
     <span class='ocr_line' id='line_1_10' title="bbox 268 1760 1392 1860; baseline 0.002 -27"><span class='ocrx_word' id='word_1_62' title='bbox 268 1761 354 1833; x_wconf 89' lang='lat' dir='ltr'>vina</span> <span class='ocrx_word' id='word_1_63' title='bbox 370 1786 443 1833; x_wconf 92' lang='lat' dir='ltr'>non</span> <span class='ocrx_word' id='word_1_64' title='bbox 460 1760 672 1858; x_wconf 83' lang='lat' dir='ltr'>intelligunt</span> <span class='ocrx_word' id='word_1_65' title='bbox 690 1778 935 1834; x_wconf 87' lang='lat' dir='ltr'>sacramenta.</span> <span class='ocrx_word' id='word_1_66' title='bbox 981 1763 1231 1834; x_wconf 87' lang='lat' dir='ltr'>Instrumenta</span> <span class='ocrx_word' id='word_1_67' title='bbox 1250 1763 1392 1860; x_wconf 86' lang='lat' dir='ltr'>quippe</span> 
     </span>
     <span class='ocr_line' id='line_1_11' title="bbox 270 1867 1463 1966; baseline 0.005 -27"><span class='ocrx_word' id='word_1_68' title='bbox 270 1869 420 1950; x_wconf 86' lang='lat' dir='ltr'>musica,</span> <span class='ocrx_word' id='word_1_69' title='bbox 438 1867 572 1939; x_wconf 90' lang='lat' dir='ltr'>divinis</span> <span class='ocrx_word' id='word_1_70' title='bbox 591 1869 779 1963; x_wconf 91' lang='lat' dir='ltr'>quondam</span> <span class='ocrx_word' id='word_1_71' title='bbox 801 1867 971 1940; x_wconf 85' lang='lat' dir='ltr'>laudibus</span> <span class='ocrx_word' id='word_1_72' title='bbox 986 1870 1174 1966; x_wconf 88' lang='lat' dir='ltr'>deputata,</span> <span class='ocrx_word' id='word_1_73' title='bbox 1194 1870 1230 1940; x_wconf 91' lang='lat' dir='ltr'>in</span> <span class='ocrx_word' id='word_1_74' title='bbox 1246 1870 1392 1942; x_wconf 88' lang='lat' dir='ltr'>aurium</span> <span class='ocrx_word' id='word_1_75' title='bbox 1425 1899 1463 1945; x_wconf 92' lang='lat' dir='ltr'>1o</span> 
     </span>
     <span class='ocr_line' id='line_1_12' title="bbox 268 1973 1389 2073; baseline 0.002 -27"><span class='ocrx_word' id='word_1_76' title='bbox 268 1975 499 2070; x_wconf 87' lang='lat' dir='ltr'>voluptatem</span> <span class='ocrx_word' id='word_1_77' title='bbox 528 1973 642 2045; x_wconf 90' lang='lat' dir='ltr'>libido</span> <span class='ocrx_word' id='word_1_78' title='bbox 671 1975 834 2047; x_wconf 90' lang='lat' dir='ltr'>humana</span> <span class='ocrx_word' id='word_1_79' title='bbox 862 1976 1055 2047; x_wconf 89' lang='lat' dir='ltr'>convertit.</span> <span class='ocrx_word' id='word_1_80' title='bbox 1114 1975 1259 2047; x_wconf 87' lang='lat' dir='ltr'>Vellem</span> <span class='ocrx_word' id='word_1_81' title='bbox 1284 2001 1389 2073; x_wconf 75' lang='lat' dir='ltr'>ergo</span> 
     </span>
     <span class='ocr_line' id='line_1_13' title="bbox 271 2081 1393 2179; baseline 0.002 -26"><span class='ocrx_word' id='word_1_82' title='bbox 271 2083 392 2164; x_wconf 82' lang='lat' dir='ltr'>stater,</span> <span class='ocrx_word' id='word_1_83' title='bbox 431 2098 471 2153; x_wconf 89' lang='lat' dir='ltr'>ut</span> <span class='ocrx_word' id='word_1_84' title='bbox 506 2098 651 2153; x_wconf 90' lang='lat' dir='ltr'>secreto</span> <span class='ocrx_word' id='word_1_85' title='bbox 680 2081 858 2153; x_wconf 91' lang='lat' dir='ltr'>citharam</span> <span class='ocrx_word' id='word_1_86' title='bbox 898 2098 1088 2154; x_wconf 90' lang='lat' dir='ltr'>mutuatus</span> <span class='ocrx_word' id='word_1_87' title='bbox 1115 2082 1277 2166; x_wconf 68' lang='lat' dir='ltr'>afferres</span> <span class='ocrx_word' id='word_1_88' title='bbox 1317 2109 1393 2179; x_wconf 89' lang='lat' dir='ltr'>qua</span> 
     </span>
     <span class='ocr_line' id='line_1_14' title="bbox 271 2187 1392 2285; baseline 0 -24"><span class='ocrx_word' id='word_1_89' title='bbox 271 2214 418 2261; x_wconf 90' lang='lat' dir='ltr'>versum</span> <span class='ocrx_word' id='word_1_90' title='bbox 453 2188 652 2260; x_wconf 90' lang='lat' dir='ltr'>honestum</span> <span class='ocrx_word' id='word_1_91' title='bbox 693 2187 833 2260; x_wconf 80' lang='lat' dir='ltr'>faciens</span> <span class='ocrx_word' id='word_1_92' title='bbox 875 2188 975 2260; x_wconf 89' lang='lat' dir='ltr'>sratri</span> <span class='ocrx_word' id='word_1_93' title='bbox 1015 2189 1161 2285; x_wconf 88' lang='lat' dir='ltr'>corpori</span> <span class='ocrx_word' id='word_1_94' title='bbox 1199 2189 1392 2262; x_wconf 91' lang='lat' dir='ltr'>doloribus</span> 
     </span>
     <span class='ocr_line' id='line_1_15' title="bbox 271 2294 1389 2391; baseline 0.002 -26"><span class='ocrx_word' id='word_1_95' title='bbox 271 2294 382 2391; x_wconf 88' lang='lat' dir='ltr'>pleno</span> <span class='ocrx_word' id='word_1_96' title='bbox 411 2294 581 2366; x_wconf 90' lang='lat' dir='ltr'>solatium</span> <span class='ocrx_word' id='word_1_97' title='bbox 602 2294 752 2390; x_wconf 91' lang='lat' dir='ltr'>aliquod</span> <span class='ocrx_word' id='word_1_98' title='bbox 773 2296 893 2367; x_wconf 89' lang='lat' dir='ltr'>dares.</span> <span class='ocrx_word' id='word_1_99' title='bbox 953 2295 1022 2368; x_wconf 87' lang='lat' dir='ltr'>Cui</span> <span class='ocrx_word' id='word_1_100' title='bbox 1044 2294 1237 2391; x_wconf 87' lang='lat' dir='ltr'>respondit</span> <span class='ocrx_word' id='word_1_101' title='bbox 1257 2297 1389 2369; x_wconf 81' lang='lat' dir='ltr'>frater:</span> 
     </span>
     <span class='ocr_line' id='line_1_16' title="bbox 271 2401 1462 2498; baseline 0.004 -25"><span class='ocrx_word' id='word_1_102' title='bbox 271 2401 515 2474; x_wconf 89' lang='lat' dir='ltr'>Verecundor</span> <span class='ocrx_word' id='word_1_103' title='bbox 543 2425 616 2474; x_wconf 92' lang='lat' dir='ltr'>non</span> <span class='ocrx_word' id='word_1_104' title='bbox 647 2401 846 2485; x_wconf 87' lang='lat' dir='ltr'>modicum,</span> <span class='ocrx_word' id='word_1_105' title='bbox 868 2418 985 2498; x_wconf 86' lang='lat' dir='ltr'>pater,</span> <span class='ocrx_word' id='word_1_106' title='bbox 1008 2403 1142 2475; x_wconf 89' lang='lat' dir='ltr'>timens</span> <span class='ocrx_word' id='word_1_107' title='bbox 1172 2428 1218 2475; x_wconf 88' lang='lat' dir='ltr'>ne</span> <span class='ocrx_word' id='word_1_108' title='bbox 1240 2402 1393 2477; x_wconf 87' lang='lat' dir='ltr'>levitate</span> <span class='ocrx_word' id='word_1_109' title='bbox 1425 2434 1462 2498; x_wconf 84' lang='lat'>15</span> 
     </span>
     <span class='ocr_line' id='line_1_17' title="bbox 272 2508 1391 2604; baseline 0.002 -24"><span class='ocrx_word' id='word_1_110' title='bbox 272 2510 341 2580; x_wconf 88' lang='lat' dir='ltr'>hac</span> <span class='ocrx_word' id='word_1_111' title='bbox 377 2510 611 2604; x_wconf 87' lang='lat' dir='ltr'>suspicentur</span> <span class='ocrx_word' id='word_1_112' title='bbox 648 2508 818 2581; x_wconf 89' lang='lat' dir='ltr'>homines</span> <span class='ocrx_word' id='word_1_113' title='bbox 856 2535 915 2580; x_wconf 89' lang='lat' dir='ltr'>me</span> <span class='ocrx_word' id='word_1_114' title='bbox 944 2535 1027 2581; x_wconf 90' lang='lat' dir='ltr'>esse</span> <span class='ocrx_word' id='word_1_115' title='bbox 1065 2526 1259 2581; x_wconf 91' lang='lat' dir='ltr'>tentatum.</span> <span class='ocrx_word' id='word_1_116' title='bbox 1320 2510 1391 2583; x_wconf 85' lang='lat' dir='ltr'>Cui</span> 
     </span>
     <span class='ocr_line' id='line_1_18' title="bbox 271 2615 1393 2712; baseline 0.002 -25"><span class='ocrx_word' id='word_1_117' title='bbox 271 2631 439 2687; x_wconf 84' lang='lat' dir='ltr'>sanctus:</span> <span class='ocrx_word' id='word_1_118' title='bbox 463 2615 704 2686; x_wconf 87' lang='lat' dir='ltr'>Dimittamus</span> <span class='ocrx_word' id='word_1_119' title='bbox 724 2639 828 2712; x_wconf 85' lang='lat' dir='ltr'>ergo,</span> <span class='ocrx_word' id='word_1_120' title='bbox 851 2616 973 2693; x_wconf 77' lang='lat' dir='ltr'>frater.</span> <span class='ocrx_word' id='word_1_121' title='bbox 1033 2617 1177 2688; x_wconf 75' lang='lat' dir='ltr'>bonum</span> <span class='ocrx_word' id='word_1_122' title='bbox 1199 2632 1256 2689; x_wconf 92' lang='lat' dir='ltr'>est</span> <span class='ocrx_word' id='word_1_123' title='bbox 1276 2618 1393 2689; x_wconf 88' lang='lat' dir='ltr'>multa</span> 
     </span>
     <span class='ocr_line' id='line_1_19' title="bbox 270 2720 1392 2822; baseline 0.001 -28"><span class='ocrx_word' id='word_1_124' title='bbox 270 2720 466 2805; x_wconf 87' lang='lat' dir='ltr'>dimittere,</span> <span class='ocrx_word' id='word_1_125' title='bbox 490 2747 537 2794; x_wconf 91' lang='lat' dir='ltr'>ne</span> <span class='ocrx_word' id='word_1_126' title='bbox 565 2722 733 2793; x_wconf 87' lang='lat' dir='ltr'>laedatur</span> <span class='ocrx_word' id='word_1_127' title='bbox 753 2721 889 2818; x_wconf 88' lang='lat' dir='ltr'>opinio.</span> <span class='ocrx_word' id='word_1_128' title='bbox 948 2724 1069 2795; x_wconf 89' lang='lat' dir='ltr'>Nocte</span> <span class='ocrx_word' id='word_1_129' title='bbox 1096 2723 1277 2818; x_wconf 86' lang='lat' dir='ltr'>sequenti,</span> <span class='ocrx_word' id='word_1_130' title='bbox 1299 2723 1392 2822; x_wconf 84' lang='lat' dir='ltr'>vigi·</span> 
     </span>
     <span class='ocr_line' id='line_1_20' title="bbox 269 2827 1392 2925; baseline 0 -23"><span class='ocrx_word' id='word_1_131' title='bbox 269 2830 368 2902; x_wconf 85' lang='lat' dir='ltr'>laute</span> <span class='ocrx_word' id='word_1_132' title='bbox 398 2844 527 2902; x_wconf 89' lang='lat' dir='ltr'>sancto</span> <span class='ocrx_word' id='word_1_133' title='bbox 554 2827 634 2900; x_wconf 89' lang='lat' dir='ltr'>viro</span> <span class='ocrx_word' id='word_1_134' title='bbox 658 2847 696 2901; x_wconf 89' lang='lat' dir='ltr'>et</span> <span class='ocrx_word' id='word_1_135' title='bbox 728 2828 930 2902; x_wconf 86' lang='lat' dir='ltr'>meditante</span> <span class='ocrx_word' id='word_1_136' title='bbox 960 2830 1007 2901; x_wconf 90' lang='lat' dir='ltr'>de</span> <span class='ocrx_word' id='word_1_137' title='bbox 1036 2830 1132 2910; x_wconf 88' lang='lat' dir='ltr'>Deo,</span> <span class='ocrx_word' id='word_1_138' title='bbox 1156 2847 1312 2925; x_wconf 88' lang='lat' dir='ltr'>repente</span> <span class='ocrx_word' id='word_1_139' title='bbox 1341 2831 1392 2902; x_wconf 92' lang='lat' dir='ltr'>in-</span> 
     </span>
     <span class='ocr_line' id='line_1_21' title="bbox 269 2934 1464 3031; baseline 0.004 -24"><span class='ocrx_word' id='word_1_140' title='bbox 269 2952 378 3009; x_wconf 90' lang='lat' dir='ltr'>sonat</span> <span class='ocrx_word' id='word_1_141' title='bbox 392 2934 533 3007; x_wconf 88' lang='lat' dir='ltr'>cithara</span> <span class='ocrx_word' id='word_1_142' title='bbox 553 2935 736 3031; x_wconf 85' lang='lat' dir='ltr'>quaedam</span> <span class='ocrx_word' id='word_1_143' title='bbox 759 2936 975 3008; x_wconf 89' lang='lat' dir='ltr'>harmoniae</span> <span class='ocrx_word' id='word_1_144' title='bbox 995 2935 1172 3009; x_wconf 89' lang='lat' dir='ltr'>mirabilis</span> <span class='ocrx_word' id='word_1_145' title='bbox 1195 2954 1233 3008; x_wconf 90' lang='lat' dir='ltr'>et</span> <span class='ocrx_word' id='word_1_146' title='bbox 1253 2938 1392 3010; x_wconf 87' lang='lat' dir='ltr'>suavis·</span> <span class='ocrx_word' id='word_1_147' title='bbox 1421 2967 1464 3012; x_wconf 87' lang='lat'>20</span> 
     </span>
     <span class='ocr_line' id='line_1_22' title="bbox 270 3041 1391 3137; baseline 0.003 -24"><span class='ocrx_word' id='word_1_148' title='bbox 270 3042 385 3114; x_wconf 89' lang='lat' dir='ltr'>simae</span> <span class='ocrx_word' id='word_1_149' title='bbox 407 3041 600 3113; x_wconf 88' lang='lat' dir='ltr'>melodiae.</span> <span class='ocrx_word' id='word_1_150' title='bbox 651 3043 736 3114; x_wconf 90' lang='lat' dir='ltr'>Non</span> <span class='ocrx_word' id='word_1_151' title='bbox 757 3041 953 3114; x_wconf 85' lang='lat' dir='ltr'>videbatur</span> <span class='ocrx_word' id='word_1_152' title='bbox 967 3042 1108 3137; x_wconf 74' lang='lat' dir='ltr'>aliquis</span> <span class='ocrx_word' id='word_1_153' title='bbox 1128 3044 1193 3115; x_wconf 91' lang='lat' dir='ltr'>sed</span> <span class='ocrx_word' id='word_1_154' title='bbox 1215 3043 1391 3116; x_wconf 88' lang='lat' dir='ltr'>transitus</span> 
     </span>
     <span class='ocr_line' id='line_1_23' title="bbox 270 3148 1392 3244; baseline 0.002 -23"><span class='ocrx_word' id='word_1_155' title='bbox 270 3166 308 3221; x_wconf 90' lang='lat' dir='ltr'>et</span> <span class='ocrx_word' id='word_1_156' title='bbox 336 3148 476 3220; x_wconf 90' lang='lat' dir='ltr'>reditus</span> <span class='ocrx_word' id='word_1_157' title='bbox 496 3148 674 3220; x_wconf 89' lang='lat' dir='ltr'>citharedi</span> <span class='ocrx_word' id='word_1_158' title='bbox 697 3149 775 3244; x_wconf 89' lang='lat' dir='ltr'>ipsa</span> <span class='ocrx_word' id='word_1_159' title='bbox 796 3148 881 3220; x_wconf 92' lang='lat' dir='ltr'>hinc</span> <span class='ocrx_word' id='word_1_160' title='bbox 902 3149 988 3220; x_wconf 91' lang='lat' dir='ltr'>inde</span> <span class='ocrx_word' id='word_1_161' title='bbox 1012 3148 1161 3221; x_wconf 88' lang='lat' dir='ltr'>auditus</span> <span class='ocrx_word' id='word_1_162' title='bbox 1180 3150 1392 3223; x_wconf 86' lang='lat' dir='ltr'>volubilitas</span> 
     </span>
     <span class='ocr_line' id='line_1_24' title="bbox 271 3255 1389 3352; baseline 0.003 -25"><span class='ocrx_word' id='word_1_163' title='bbox 271 3255 459 3327; x_wconf 89' lang='lat' dir='ltr'>innuebat.</span> <span class='ocrx_word' id='word_1_164' title='bbox 518 3255 656 3351; x_wconf 86' lang='lat' dir='ltr'>Spiritu</span> <span class='ocrx_word' id='word_1_165' title='bbox 675 3255 837 3351; x_wconf 92' lang='lat' dir='ltr'>denique</span> <span class='ocrx_word' id='word_1_166' title='bbox 867 3256 903 3327; x_wconf 90' lang='lat' dir='ltr'>in</span> <span class='ocrx_word' id='word_1_167' title='bbox 932 3256 1057 3328; x_wconf 91' lang='lat' dir='ltr'>Deum</span> <span class='ocrx_word' id='word_1_168' title='bbox 1078 3256 1231 3339; x_wconf 75' lang='lat' dir='ltr'>directo</span> <span class='ocrx_word' id='word_1_169' title='bbox 1249 3261 1389 3352; x_wconf 84' lang='lat' dir='ltr'>tant[a]</span> 
     </span>
     <span class='ocr_line' id='line_1_25' title="bbox 272 3361 1391 3461; baseline 0.004 -28"><span class='ocrx_word' id='word_1_170' title='bbox 272 3362 307 3433; x_wconf 93' lang='lat' dir='ltr'>in</span> <span class='ocrx_word' id='word_1_171' title='bbox 328 3361 389 3434; x_wconf 95' lang='lat' dir='ltr'>illo</span> <span class='ocrx_word' id='word_1_172' title='bbox 408 3361 603 3434; x_wconf 88' lang='lat' dir='ltr'>dulcisono</span> <span class='ocrx_word' id='word_1_173' title='bbox 623 3363 787 3434; x_wconf 91' lang='lat' dir='ltr'>carmine</span> <span class='ocrx_word' id='word_1_174' title='bbox 807 3380 957 3461; x_wconf 86' lang='lat' dir='ltr'>sanctus</span> <span class='ocrx_word' id='word_1_175' title='bbox 977 3378 1083 3458; x_wconf 90' lang='lat' dir='ltr'>pater</span> <span class='ocrx_word' id='word_1_176' title='bbox 1107 3364 1291 3435; x_wconf 82' lang='lat' dir='ltr'>suavitate</span> <span class='ocrx_word' id='word_1_177' title='bbox 1312 3390 1391 3460; x_wconf 89' lang='lat' dir='ltr'>per-</span> 
     </span>
     <span class='ocr_line' id='line_1_26' title="bbox 271 3466 1457 3565; baseline 0.001 -23"><span class='ocrx_word' id='word_1_178' title='bbox 271 3469 410 3549; x_wconf 81' lang='lat' dir='ltr'>fruitur,</span> <span class='ocrx_word' id='word_1_179' title='bbox 451 3485 489 3540; x_wconf 90' lang='lat' dir='ltr'>ut</span> <span class='ocrx_word' id='word_1_180' title='bbox 530 3466 629 3540; x_wconf 92' lang='lat' dir='ltr'>aliud</span> <span class='ocrx_word' id='word_1_181' title='bbox 672 3495 712 3541; x_wconf 91' lang='lat' dir='ltr'>se</span> <span class='ocrx_word' id='word_1_182' title='bbox 753 3484 857 3565; x_wconf 90' lang='lat' dir='ltr'>putet</span> <span class='ocrx_word' id='word_1_183' title='bbox 899 3469 1088 3542; x_wconf 90' lang='lat' dir='ltr'>saeculum</span> <span class='ocrx_word' id='word_1_184' title='bbox 1127 3488 1389 3544; x_wconf 86' lang='lat' dir='ltr'>commutasse.</span> <span class='ocrx_word' id='word_1_185' title='bbox 1421 3499 1457 3563; x_wconf 82' lang='lat'>25</span> 
     </span>
     <span class='ocr_line' id='line_1_27' title="bbox 271 3576 1391 3672; baseline 0.001 -24"><span class='ocrx_word' id='word_1_186' title='bbox 271 3576 384 3648; x_wconf 89' lang='lat' dir='ltr'>Mane</span> <span class='ocrx_word' id='word_1_187' title='bbox 413 3593 751 3672; x_wconf 82' lang='lat' dir='ltr'>surgenssanctus</span> <span class='ocrx_word' id='word_1_188' title='bbox 779 3593 890 3648; x_wconf 86' lang='lat' dir='ltr'>vocat</span> <span class='ocrx_word' id='word_1_189' title='bbox 912 3577 1061 3649; x_wconf 87' lang='lat' dir='ltr'>lratrem</span> <span class='ocrx_word' id='word_1_190' title='bbox 1085 3576 1330 3672; x_wconf 89' lang='lat' dir='ltr'>praedictum,</span> <span class='ocrx_word' id='word_1_191' title='bbox 1353 3597 1391 3649; x_wconf 92' lang='lat' dir='ltr'>et</span> 
     </span>
     <span class='ocr_line' id='line_1_28' title="bbox 272 3682 1390 3779; baseline 0.002 -25"><span class='ocrx_word' id='word_1_192' title='bbox 272 3707 425 3755; x_wconf 90' lang='lat' dir='ltr'>narrans</span> <span class='ocrx_word' id='word_1_193' title='bbox 454 3683 486 3754; x_wconf 90' lang='lat' dir='ltr'>ei</span> <span class='ocrx_word' id='word_1_194' title='bbox 517 3700 650 3755; x_wconf 89' lang='lat' dir='ltr'>cuncta</span> <span class='ocrx_word' id='word_1_195' title='bbox 669 3707 737 3779; x_wconf 90' lang='lat' dir='ltr'>per</span> <span class='ocrx_word' id='word_1_196' title='bbox 764 3682 934 3754; x_wconf 93' lang='lat' dir='ltr'>ordinem</span> <span class='ocrx_word' id='word_1_197' title='bbox 956 3684 1097 3755; x_wconf 90' lang='lat' dir='ltr'>subdit:</span> <span class='ocrx_word' id='word_1_198' title='bbox 1121 3682 1308 3755; x_wconf 88' lang='lat' dir='ltr'>Dominus</span> <span class='ocrx_word' id='word_1_199' title='bbox 1329 3685 1390 3763; x_wconf 84' lang='lat' dir='ltr'>qui</span> 
     </span>
     <span class='ocr_line' id='line_1_29' title="bbox 270 3789 1392 3884; baseline 0 -22"><span class='ocrx_word' id='word_1_200' title='bbox 270 3790 483 3862; x_wconf 90' lang='lat' dir='ltr'>consolatur</span> <span class='ocrx_word' id='word_1_201' title='bbox 510 3789 668 3860; x_wconf 84' lang='lat' dir='ltr'>afflictos</span> <span class='ocrx_word' id='word_1_202' title='bbox 698 3814 899 3884; x_wconf 91' lang='lat' dir='ltr'>numquam</span> <span class='ocrx_word' id='word_1_203' title='bbox 939 3815 997 3861; x_wconf 91' lang='lat' dir='ltr'>me</span> <span class='ocrx_word' id='word_1_204' title='bbox 1028 3790 1106 3861; x_wconf 89' lang='lat' dir='ltr'>sine</span> <span class='ocrx_word' id='word_1_205' title='bbox 1136 3790 1392 3863; x_wconf 85' lang='lat' dir='ltr'>consolatione</span> 
     </span>
     <span class='ocr_line' id='line_1_30' title="bbox 269 3894 1392 3991; baseline 0.002 -24"><span class='ocrx_word' id='word_1_206' title='bbox 269 3896 417 3968; x_wconf 90' lang='lat' dir='ltr'>dimisit.</span> <span class='ocrx_word' id='word_1_207' title='bbox 489 3895 590 3968; x_wconf 90' lang='lat' dir='ltr'>Ecce</span> <span class='ocrx_word' id='word_1_208' title='bbox 619 3895 718 3968; x_wconf 92' lang='lat' dir='ltr'>enim</span> <span class='ocrx_word' id='word_1_209' title='bbox 748 3898 810 3991; x_wconf 95' lang='lat' dir='ltr'>qui</span> <span class='ocrx_word' id='word_1_210' title='bbox 841 3894 1002 3968; x_wconf 88' lang='lat' dir='ltr'>citharas</span> <span class='ocrx_word' id='word_1_211' title='bbox 1040 3896 1233 3968; x_wconf 88' lang='lat' dir='ltr'>hominum</span> <span class='ocrx_word' id='word_1_212' title='bbox 1262 3897 1392 3969; x_wconf 88' lang='lat' dir='ltr'>audire</span> 
     </span>
     <span class='ocr_line' id='line_1_31' title="bbox 272 4002 1460 4099; baseline 0.003 -26"><span class='ocrx_word' id='word_1_213' title='bbox 272 4028 345 4075; x_wconf 90' lang='lat' dir='ltr'>non</span> <span class='ocrx_word' id='word_1_214' title='bbox 374 4003 489 4099; x_wconf 87' lang='lat' dir='ltr'>potui,</span> <span class='ocrx_word' id='word_1_215' title='bbox 522 4002 700 4075; x_wconf 89' lang='lat' dir='ltr'>citharam</span> <span class='ocrx_word' id='word_1_216' title='bbox 730 4002 939 4075; x_wconf 89' lang='lat' dir='ltr'>suaviorem</span> <span class='ocrx_word' id='word_1_217' title='bbox 969 4002 1104 4075; x_wconf 91' lang='lat' dir='ltr'>audivi.</span> <span class='ocrx_word' id='word_1_218' title='bbox 1422 4031 1460 4095; x_wconf 79' lang='lat'>30</span> 
     </span>
    </p>
   </div>
   <div class='ocr_carea' id='block_1_5' title="bbox 273 4178 1392 4409">
    <p class='ocr_par' dir='ltr' id='par_1_5' title="bbox 273 4178 1392 4409">
     <span class='ocr_line' id='line_1_32' title="bbox 341 4178 1392 4256; baseline 0.004 -21"><span class='ocrx_word' id='word_1_219' title='bbox 341 4200 365 4249; x_wconf 78' lang='lat'>4.</span> <span class='ocrx_word' id='word_1_220' title='bbox 386 4185 554 4253; x_wconf 79' lang='lat' dir='ltr'>mansuram]</span> <span class='ocrx_word' id='word_1_221' title='bbox 577 4186 608 4236; x_wconf 86' lang='lat' dir='ltr'><em>M</em></span> <span class='ocrx_word' id='word_1_222' title='bbox 624 4185 770 4236; x_wconf 80' lang='lat' dir='ltr'>maximam</span> <span class='ocrx_word' id='word_1_223' title='bbox 848 4202 886 4238; x_wconf 88' lang='lat'>11.</span> <span class='ocrx_word' id='word_1_224' title='bbox 905 4186 935 4236; x_wconf 81' lang='lat' dir='ltr'>ll</span> <span class='ocrx_word' id='word_1_225' title='bbox 954 4187 1034 4256; x_wconf 79' lang='lat' dir='ltr'>igitur</span> <span class='ocrx_word' id='word_1_226' title='bbox 1111 4201 1148 4253; x_wconf 48' lang='lat'>13,</span> <span class='ocrx_word' id='word_1_227' title='bbox 1169 4185 1202 4236; x_wconf 73' lang='lat' dir='ltr'>ll</span> <span class='ocrx_word' id='word_1_228' title='bbox 1219 4204 1267 4237; x_wconf 66' lang='lat' dir='ltr'>om,</span> <span class='ocrx_word' id='word_1_229' title='bbox 1289 4178 1392 4239; x_wconf 71' lang='lat' dir='ltr'>faciens</span> 
     </span>
     <span class='ocr_line' id='line_1_33' title="bbox 275 4265 1390 4335; baseline 0.006 -23"><span class='ocrx_word' id='word_1_230' title='bbox 275 4265 359 4329; x_wconf 74' lang='lat' dir='ltr'>1q.ll</span> <span class='ocrx_word' id='word_1_231' title='bbox 379 4265 500 4317; x_wconf 86' lang='lat' dir='ltr'>Domino</span> <span class='ocrx_word' id='word_1_232' title='bbox 574 4280 669 4317; x_wconf 81' lang='lat'>21-22.</span> <span class='ocrx_word' id='word_1_233' title='bbox 691 4266 709 4315; x_wconf 78' lang='lat' dir='ltr'>l&lt;</span> <span class='ocrx_word' id='word_1_234' title='bbox 733 4267 875 4318; x_wconf 85' lang='lat' dir='ltr'>transitum</span> <span class='ocrx_word' id='word_1_235' title='bbox 895 4279 921 4318; x_wconf 87' lang='lat' dir='ltr'>et</span> <span class='ocrx_word' id='word_1_236' title='bbox 940 4268 1055 4318; x_wconf 76' lang='lat' dir='ltr'>reditum</span> <span class='ocrx_word' id='word_1_237' title='bbox 1130 4281 1170 4334; x_wconf 78' lang='lat'>23.</span> <span class='ocrx_word' id='word_1_238' title='bbox 1192 4267 1215 4319; x_wconf 77' lang='grc' dir='ltr'><em>Α</em></span> <span class='ocrx_word' id='word_1_239' title='bbox 1236 4267 1390 4335; x_wconf 83' lang='lat' dir='ltr'>Spiritum—</span> 
     </span>
     <span class='ocr_line' id='line_1_34' title="bbox 273 4345 673 4409; baseline 0.015 -19"><span class='ocrx_word' id='word_1_240' title='bbox 273 4355 375 4393; x_wconf 82' lang='lat' dir='ltr'>tanturn</span> <span class='ocrx_word' id='word_1_241' title='bbox 450 4359 490 4409; x_wconf 77' lang='lat'>27.</span> <span class='ocrx_word' id='word_1_242' title='bbox 513 4346 541 4397; x_wconf 75' lang='lat' dir='ltr'>ll</span> <span class='ocrx_word' id='word_1_243' title='bbox 560 4345 673 4396; x_wconf 83' lang='lat' dir='ltr'>subdidit</span> 
     </span>
    </p>
   </div>
   <div class='ocr_carea' id='block_1_6' title="bbox 700 4470 964 4478">
    <p class='ocr_par' dir='ltr' id='par_1_6' title="bbox 700 4470 964 4478">
     <span class='ocr_line' id='line_1_35' title="bbox 700 4470 964 4478; baseline 0.004 -1"><span class='ocrx_word' id='word_1_244' title='bbox 700 4470 964 4478; x_wconf 45' lang='lat' dir='ltr'>——q——oe</span> 
     </span>
    </p>
   </div>
   <div class='ocr_carea' id='block_1_7' title="bbox 0 0 1577 4875">
    <p class='ocr_par' dir='ltr' id='par_1_7' title="bbox 0 0 1577 4875">
     <span class='ocr_line' id='line_1_36' title="bbox 0 0 1577 4875; baseline 0 0"><span class='ocrx_word' id='word_1_245' title='bbox 0 0 1577 4875; x_wconf 95' lang='lat' dir='ltr'> </span> 
     </span>
    </p>
   </div>
  </div>
 </body>
</html>
