<?xml version="1.0" encoding="UTF-8"?>
<!DOCTYPE html PUBLIC "-//W3C//DTD XHTML 1.0 Transitional//EN"
    "http://www.w3.org/TR/xhtml1/DTD/xhtml1-transitional.dtd">
<html xmlns="http://www.w3.org/1999/xhtml" xml:lang="en" lang="en">
 <head>
  <title>
</title>
<meta http-equiv="Content-Type" content="text/html;charset=utf-8" />
  <meta name='ocr-system' content='tesseract 3.04.00' />
  <meta name='ocr-capabilities' content='ocr_page ocr_carea ocr_par ocr_line ocrx_word'/>
</head>
<body>
  <div class='ocr_page' id='page_1' title='image "./sfrancisciassis00dogoog_0529.png"; bbox 0 0 3142 4875; ppageno 0'>
   <div class='ocr_carea' id='block_1_1' title="bbox 581 385 1293 455">
    <p class='ocr_par' dir='ltr' id='par_1_1' title="bbox 581 385 1293 455">
     <span class='ocr_line' id='line_1_1' title="bbox 581 385 1293 455; baseline -0.003 -20"><span class='ocrx_word' id='word_1_1' title='bbox 581 385 686 435; x_wconf 82' lang='lat' dir='ltr'><strong>BEATI</strong></span> <span class='ocrx_word' id='word_1_2' title='bbox 715 386 900 435; x_wconf 76' lang='lat' dir='ltr'>FRANCISCI</span> <span class='ocrx_word' id='word_1_3' title='bbox 1222 386 1293 455; x_wconf 71' lang='lat'>431</span> 
     </span>
    </p>
   </div>
   <div class='ocr_carea' id='block_1_2' title="bbox 319 495 1299 504">
    <p class='ocr_par' dir='ltr' id='par_1_2' title="bbox 319 495 1299 504">
     <span class='ocr_line' id='line_1_2' title="bbox 319 495 1299 504; baseline 0.002 -2"><span class='ocrx_word' id='word_1_4' title='bbox 319 497 503 502; x_wconf 58' lang='lat' dir='ltr'>&gt;m⁴.„</span> <span class='ocrx_word' id='word_1_5' title='bbox 528 495 549 503; x_wconf 84' lang='lat'>..</span> <span class='ocrx_word' id='word_1_6' title='bbox 566 497 571 502; x_wconf 87' lang='lat'>.</span> <span class='ocrx_word' id='word_1_7' title='bbox 585 497 641 502; x_wconf 67' lang='lat' dir='ltr'>...u</span> <span class='ocrx_word' id='word_1_8' title='bbox 666 496 692 502; x_wconf 75' lang='lat'>.-</span> <span class='ocrx_word' id='word_1_9' title='bbox 886 497 929 502; x_wconf 50' lang='grc' dir='ltr'>.μω</span> <span class='ocrx_word' id='word_1_10' title='bbox 946 496 1299 504; x_wconf 50' lang='lat' dir='ltr'>„ww-m*</span> 
     </span>
    </p>
   </div>
   <div class='ocr_carea' id='block_1_3' title="bbox 2 620 1301 3276">
    <p class='ocr_par' dir='ltr' id='par_1_3' title="bbox 181 620 1299 802">
     <span class='ocr_line' id='line_1_3' title="bbox 181 620 1299 719; baseline -0.001 -24"><span class='ocrx_word' id='word_1_11' title='bbox 181 647 293 719; x_wconf 91' lang='lat' dir='ltr'>super</span> <span class='ocrx_word' id='word_1_12' title='bbox 321 648 407 694; x_wconf 93' lang='lat' dir='ltr'>eum</span> <span class='ocrx_word' id='word_1_13' title='bbox 435 621 560 704; x_wconf 90' lang='lat' dir='ltr'>effusa,</span> <span class='ocrx_word' id='word_1_14' title='bbox 593 620 704 719; x_wconf 83' lang='lat' dir='ltr'>signo</span> <span class='ocrx_word' id='word_1_15' title='bbox 737 620 857 694; x_wconf 90' lang='lat' dir='ltr'>crucis</span> <span class='ocrx_word' id='word_1_16' title='bbox 885 620 935 693; x_wconf 88' lang='lat' dir='ltr'>ita</span> <span class='ocrx_word' id='word_1_17' title='bbox 964 646 1049 693; x_wconf 92' lang='lat' dir='ltr'>eum</span> <span class='ocrx_word' id='word_1_18' title='bbox 1078 620 1232 703; x_wconf 89' lang='lat' dir='ltr'>sanavit,</span> <span class='ocrx_word' id='word_1_19' title='bbox 1261 637 1299 694; x_wconf 93' lang='lat' dir='ltr'>ut</span> 
     </span>
     <span class='ocr_line' id='line_1_4' title="bbox 182 727 1296 802; baseline -0.001 -1"><span class='ocrx_word' id='word_1_20' title='bbox 182 727 265 802; x_wconf 92' lang='lat' dir='ltr'>talis</span> <span class='ocrx_word' id='word_1_21' title='bbox 280 727 502 801; x_wconf 89' lang='lat' dir='ltr'>infirmitatis</span> <span class='ocrx_word' id='word_1_22' title='bbox 520 728 710 802; x_wconf 86' lang='lat' dir='ltr'>molestias</span> <span class='ocrx_word' id='word_1_23' title='bbox 725 728 844 801; x_wconf 90' lang='lat' dir='ltr'>nullas</span> <span class='ocrx_word' id='word_1_24' title='bbox 858 728 905 800; x_wconf 91' lang='lat' dir='ltr'>de</span> <span class='ocrx_word' id='word_1_25' title='bbox 922 743 1071 800; x_wconf 89' lang='lat' dir='ltr'>caetero</span> <span class='ocrx_word' id='word_1_26' title='bbox 1086 728 1296 800; x_wconf 87' lang='lat' dir='ltr'><strong>sustineret.</strong></span> 
     </span>
    </p>

    <p class='ocr_par' dir='ltr' id='par_1_4' title="bbox 182 833 1299 1039">
     <span class='ocr_line' id='line_1_5' title="bbox 267 833 1299 931; baseline 0 -25"><span class='ocrx_word' id='word_1_27' title='bbox 267 839 350 926; x_wconf 86' lang='lat'>196.</span> <span class='ocrx_word' id='word_1_28' title='bbox 374 836 462 906; x_wconf 87' lang='lat' dir='ltr'>Post</span> <span class='ocrx_word' id='word_1_29' title='bbox 480 851 638 908; x_wconf 90' lang='lat' dir='ltr'>mortem</span> <span class='ocrx_word' id='word_1_30' title='bbox 658 834 757 907; x_wconf 89' lang='lat' dir='ltr'>beati</span> <span class='ocrx_word' id='word_1_31' title='bbox 777 833 893 931; x_wconf 88' lang='lat' dir='ltr'>patris</span> <span class='ocrx_word' id='word_1_32' title='bbox 907 833 1000 906; x_wconf 88' lang='lat' dir='ltr'>alius</span> <span class='ocrx_word' id='word_1_33' title='bbox 1014 834 1166 931; x_wconf 90' lang='lat' dir='ltr'>quidam</span> <span class='ocrx_word' id='word_1_34' title='bbox 1187 835 1299 908; x_wconf 87' lang='lat' dir='ltr'>srater</span> 
     </span>
     <span class='ocr_line' id='line_1_6' title="bbox 182 940 1298 1039; baseline -0.002 -24"><span class='ocrx_word' id='word_1_35' title='bbox 182 944 353 1015; x_wconf 87' lang='lat' dir='ltr'>morbum</span> <span class='ocrx_word' id='word_1_36' title='bbox 381 940 526 1014; x_wconf 87' lang='lat' dir='ltr'>fistulae</span> <span class='ocrx_word' id='word_1_37' title='bbox 544 941 581 1014; x_wconf 93' lang='lat' dir='ltr'>in</span> <span class='ocrx_word' id='word_1_38' title='bbox 602 940 671 1013; x_wconf 93' lang='lat' dir='ltr'>iliis</span> <span class='ocrx_word' id='word_1_39' title='bbox 691 941 788 1013; x_wconf 93' lang='lat' dir='ltr'>adeo</span> <span class='ocrx_word' id='word_1_40' title='bbox 817 966 970 1039; x_wconf 86' lang='lat' dir='ltr'>gravem</span> <span class='ocrx_word' id='word_1_41' title='bbox 1000 941 1173 1025; x_wconf 91' lang='lat' dir='ltr'>habebat,</span> <span class='ocrx_word' id='word_1_42' title='bbox 1197 942 1298 1037; x_wconf 90' lang='lat' dir='ltr'>quod</span> 
     </span>
    </p>

    <p class='ocr_par' dir='ltr' id='par_1_5' title="bbox 2 1047 1300 2106">
     <span class='ocr_line' id='line_1_7' title="bbox 133 1047 1295 1144; baseline -0.002 -22"><span class='ocrx_word' id='word_1_43' title='bbox 133 1078 150 1142; x_wconf 85' lang='lat'><em>5</em></span> <span class='ocrx_word' id='word_1_44' title='bbox 182 1050 230 1123; x_wconf 91' lang='lat' dir='ltr'>ab</span> <span class='ocrx_word' id='word_1_45' title='bbox 249 1048 349 1122; x_wconf 93' lang='lat' dir='ltr'>omni</span> <span class='ocrx_word' id='word_1_46' title='bbox 370 1074 458 1122; x_wconf 90' lang='lat' dir='ltr'>cura</span> <span class='ocrx_word' id='word_1_47' title='bbox 476 1047 644 1122; x_wconf 89' lang='lat' dir='ltr'>sanitatis</span> <span class='ocrx_word' id='word_1_48' title='bbox 663 1048 817 1121; x_wconf 92' lang='lat' dir='ltr'>omnino</span> <span class='ocrx_word' id='word_1_49' title='bbox 838 1049 910 1122; x_wconf 91' lang='lat' dir='ltr'>iam</span> <span class='ocrx_word' id='word_1_50' title='bbox 931 1047 1050 1121; x_wconf 87' lang='lat' dir='ltr'>fuerat</span> <span class='ocrx_word' id='word_1_51' title='bbox 1064 1049 1295 1144; x_wconf 88' lang='lat' dir='ltr'>desperatus.</span> 
     </span>
     <span class='ocr_line' id='line_1_8' title="bbox 183 1153 1299 1250; baseline 0 -22"><span class='ocrx_word' id='word_1_52' title='bbox 183 1156 258 1250; x_wconf 85' lang='lat' dir='ltr'>Qui</span> <span class='ocrx_word' id='word_1_53' title='bbox 279 1182 362 1229; x_wconf 92' lang='lat' dir='ltr'>cum</span> <span class='ocrx_word' id='word_1_54' title='bbox 383 1181 405 1227; x_wconf 91' lang='lat' dir='ltr'>a</span> <span class='ocrx_word' id='word_1_55' title='bbox 423 1155 592 1228; x_wconf 89' lang='lat' dir='ltr'>ministro</span> <span class='ocrx_word' id='word_1_56' title='bbox 612 1180 681 1227; x_wconf 91' lang='lat' dir='ltr'>suo</span> <span class='ocrx_word' id='word_1_57' title='bbox 708 1154 881 1228; x_wconf 87' lang='lat' dir='ltr'>visitandi</span> <span class='ocrx_word' id='word_1_58' title='bbox 910 1156 1033 1227; x_wconf 93' lang='lat' dir='ltr'>locum</span> <span class='ocrx_word' id='word_1_59' title='bbox 1061 1153 1160 1226; x_wconf 88' lang='lat' dir='ltr'>beati</span> <span class='ocrx_word' id='word_1_60' title='bbox 1187 1154 1299 1228; x_wconf 88' lang='lat' dir='ltr'>Fran-</span> 
     </span>
     <span class='ocr_line' id='line_1_9' title="bbox 2 1260 1300 1359; baseline -0.001 -24"><span class='ocrx_word' id='word_1_61' title='bbox 2 1335 3 1344; x_wconf 53' lang='lat'>,</span> <span class='ocrx_word' id='word_1_62' title='bbox 182 1262 268 1336; x_wconf 90' lang='lat' dir='ltr'>cisci</span> <span class='ocrx_word' id='word_1_63' title='bbox 304 1261 490 1335; x_wconf 86' lang='lat' dir='ltr'>licentiam</span> <span class='ocrx_word' id='word_1_64' title='bbox 519 1260 734 1359; x_wconf 85' lang='lat' dir='ltr'>postularet,</span> <span class='ocrx_word' id='word_1_65' title='bbox 765 1277 804 1334; x_wconf 90' lang='lat' dir='ltr'>et</span> <span class='ocrx_word' id='word_1_66' title='bbox 832 1260 998 1334; x_wconf 88' lang='lat' dir='ltr'>minister</span> <span class='ocrx_word' id='word_1_67' title='bbox 1025 1261 1059 1334; x_wconf 91' lang='lat' dir='ltr'>ei</span> <span class='ocrx_word' id='word_1_68' title='bbox 1090 1287 1163 1333; x_wconf 95' lang='lat' dir='ltr'>non</span> <span class='ocrx_word' id='word_1_69' title='bbox 1193 1263 1300 1334; x_wconf 88' lang='lat' dir='ltr'>daret</span> 
     </span>
     <span class='ocr_line' id='line_1_10' title="bbox 2 1357 1300 1466; baseline -0.001 -24"><span class='ocrx_word' id='word_1_70' title='bbox 2 1357 17 1422; x_wconf 53' lang='grc' dir='ltr'><strong><em>Ῥ</em></strong></span> <span class='ocrx_word' id='word_1_71' title='bbox 181 1368 379 1454; x_wconf 87' lang='lat' dir='ltr'>licentiam,</span> <span class='ocrx_word' id='word_1_72' title='bbox 397 1394 443 1441; x_wconf 90' lang='lat' dir='ltr'>ne</span> <span class='ocrx_word' id='word_1_73' title='bbox 458 1385 611 1466; x_wconf 88' lang='lat' dir='ltr'>propter</span> <span class='ocrx_word' id='word_1_74' title='bbox 625 1369 790 1442; x_wconf 91' lang='lat' dir='ltr'>laborem</span> <span class='ocrx_word' id='word_1_75' title='bbox 806 1367 947 1442; x_wconf 91' lang='lat' dir='ltr'>itineris</span> <span class='ocrx_word' id='word_1_76' title='bbox 961 1367 1165 1465; x_wconf 91' lang='lat' dir='ltr'>periculum</span> <span class='ocrx_word' id='word_1_77' title='bbox 1181 1368 1300 1442; x_wconf 89' lang='lat' dir='ltr'>maius</span> 
     </span>
     <span class='ocr_line' id='line_1_11' title="bbox 182 1473 1298 1572; baseline -0.002 -24"><span class='ocrx_word' id='word_1_78' title='bbox 182 1475 396 1557; x_wconf 87' lang='lat' dir='ltr'>incurreret,</span> <span class='ocrx_word' id='word_1_79' title='bbox 418 1476 531 1548; x_wconf 85' lang='lat' dir='ltr'>frater</span> <span class='ocrx_word' id='word_1_80' title='bbox 549 1473 818 1572; x_wconf 88' lang='lat' dir='ltr'>aliquantulum</span> <span class='ocrx_word' id='word_1_81' title='bbox 839 1475 1078 1549; x_wconf 89' lang='lat' dir='ltr'>contristatus</span> <span class='ocrx_word' id='word_1_82' title='bbox 1101 1491 1168 1549; x_wconf 89' lang='lat' dir='ltr'>est.</span> <span class='ocrx_word' id='word_1_83' title='bbox 1227 1476 1298 1547; x_wconf 89' lang='lat' dir='ltr'>Cui</span> 
     </span>
     <span class='ocr_line' id='line_1_12' title="bbox 114 1581 1296 1678; baseline -0.003 -20"><span class='ocrx_word' id='word_1_84' title='bbox 114 1613 154 1659; x_wconf 94' lang='lat' dir='ltr'>ro</span> <span class='ocrx_word' id='word_1_85' title='bbox 182 1583 313 1655; x_wconf 90' lang='lat' dir='ltr'>beatus</span> <span class='ocrx_word' id='word_1_86' title='bbox 329 1581 550 1655; x_wconf 89' lang='lat' dir='ltr'>Franciscus</span> <span class='ocrx_word' id='word_1_87' title='bbox 564 1581 706 1655; x_wconf 87' lang='lat' dir='ltr'>adstitit</span> <span class='ocrx_word' id='word_1_88' title='bbox 721 1584 883 1678; x_wconf 87' lang='lat' dir='ltr'>quadam</span> <span class='ocrx_word' id='word_1_89' title='bbox 900 1598 1020 1668; x_wconf 90' lang='lat' dir='ltr'>nocte,</span> <span class='ocrx_word' id='word_1_90' title='bbox 1036 1583 1180 1656; x_wconf 89' lang='lat' dir='ltr'>dicens:</span> <span class='ocrx_word' id='word_1_91' title='bbox 1199 1583 1296 1666; x_wconf 90' lang='lat' dir='ltr'>Noli,</span> 
     </span>
     <span class='ocr_line' id='line_1_13' title="bbox 185 1687 1300 1787; baseline 0.002 -27"><span class='ocrx_word' id='word_1_92' title='bbox 185 1687 242 1772; x_wconf 84' lang='lat' dir='ltr'>fili,</span> <span class='ocrx_word' id='word_1_93' title='bbox 274 1687 482 1762; x_wconf 91' lang='lat' dir='ltr'>contristari</span> <span class='ocrx_word' id='word_1_94' title='bbox 511 1689 559 1762; x_wconf 91' lang='lat' dir='ltr'>de</span> <span class='ocrx_word' id='word_1_95' title='bbox 589 1704 755 1762; x_wconf 88' lang='lat' dir='ltr'>caetero:</span> <span class='ocrx_word' id='word_1_96' title='bbox 796 1689 874 1774; x_wconf 91' lang='lat' dir='ltr'>sed,</span> <span class='ocrx_word' id='word_1_97' title='bbox 905 1689 1072 1787; x_wconf 92' lang='lat' dir='ltr'>proiecta</span> <span class='ocrx_word' id='word_1_98' title='bbox 1100 1690 1196 1786; x_wconf 92' lang='lat' dir='ltr'>pelle</span> <span class='ocrx_word' id='word_1_99' title='bbox 1226 1715 1300 1785; x_wconf 90' lang='lat' dir='ltr'>qua</span> 
     </span>
     <span class='ocr_line' id='line_1_14' title="bbox 183 1795 1297 1893; baseline 0.002 -26"><span class='ocrx_word' id='word_1_100' title='bbox 183 1795 356 1877; x_wconf 74' lang='lat' dir='ltr'>indueris</span> <span class='ocrx_word' id='word_1_101' title='bbox 375 1797 641 1893; x_wconf 88' lang='lat' dir='ltr'>emplaustrum</span> <span class='ocrx_word' id='word_1_102' title='bbox 662 1795 811 1891; x_wconf 91' lang='lat' dir='ltr'>depone</span> <span class='ocrx_word' id='word_1_103' title='bbox 832 1797 879 1868; x_wconf 91' lang='lat' dir='ltr'>de</span> <span class='ocrx_word' id='word_1_104' title='bbox 899 1797 1020 1893; x_wconf 85' lang='lat' dir='ltr'>plaga,</span> <span class='ocrx_word' id='word_1_105' title='bbox 1040 1821 1224 1892; x_wconf 85' lang='lat' dir='ltr'>servaque</span> <span class='ocrx_word' id='word_1_106' title='bbox 1243 1821 1297 1869; x_wconf 90' lang='lat' dir='ltr'>re·</span> 
     </span>
     <span class='ocr_line' id='line_1_15' title="bbox 182 1900 1300 2000; baseline 0.002 -27"><span class='ocrx_word' id='word_1_107' title='bbox 182 1901 309 2000; x_wconf 83' lang='lat' dir='ltr'>gulam</span> <span class='ocrx_word' id='word_1_108' title='bbox 324 1918 436 1986; x_wconf 92' lang='lat' dir='ltr'>tuam,</span> <span class='ocrx_word' id='word_1_109' title='bbox 456 1918 493 1976; x_wconf 91' lang='lat' dir='ltr'>et</span> <span class='ocrx_word' id='word_1_110' title='bbox 513 1904 689 1976; x_wconf 91' lang='lat' dir='ltr'>continuo</span> <span class='ocrx_word' id='word_1_111' title='bbox 708 1900 935 1975; x_wconf 89' lang='lat' dir='ltr'>liberaberis.</span> <span class='ocrx_word' id='word_1_112' title='bbox 994 1902 1070 1997; x_wconf 88' lang='lat' dir='ltr'>Qui</span> <span class='ocrx_word' id='word_1_113' title='bbox 1086 1927 1196 1975; x_wconf 89' lang='lat' dir='ltr'>mane</span> <span class='ocrx_word' id='word_1_114' title='bbox 1215 1928 1300 1976; x_wconf 93' lang='lat' dir='ltr'>con·</span> 
     </span>
     <span class='ocr_line' id='line_1_16' title="bbox 182 2007 1299 2106; baseline 0 -25"><span class='ocrx_word' id='word_1_115' title='bbox 182 2033 352 2106; x_wconf 82' lang='lat' dir='ltr'>surgens,</span> <span class='ocrx_word' id='word_1_116' title='bbox 384 2009 471 2081; x_wconf 86' lang='lat' dir='ltr'>fecit</span> <span class='ocrx_word' id='word_1_117' title='bbox 499 2033 596 2105; x_wconf 85' lang='lat' dir='ltr'>quae</span> <span class='ocrx_word' id='word_1_118' title='bbox 624 2007 693 2081; x_wconf 91' lang='lat' dir='ltr'>sibi</span> <span class='ocrx_word' id='word_1_119' title='bbox 722 2025 873 2082; x_wconf 89' lang='lat' dir='ltr'>sanctus</span> <span class='ocrx_word' id='word_1_120' title='bbox 902 2009 1154 2093; x_wconf 88' lang='lat' dir='ltr'>mandaverat,</span> <span class='ocrx_word' id='word_1_121' title='bbox 1177 2025 1215 2082; x_wconf 90' lang='lat' dir='ltr'>et</span> <span class='ocrx_word' id='word_1_122' title='bbox 1243 2035 1299 2081; x_wconf 93' lang='lat' dir='ltr'>su·</span> 
     </span>
    </p>

    <p class='ocr_par' dir='ltr' id='par_1_6' title="bbox 115 2114 723 2209">
     <span class='ocr_line' id='line_1_17' title="bbox 115 2114 723 2209; baseline -0.008 -18"><span class='ocrx_word' id='word_1_123' title='bbox 115 2145 150 2209; x_wconf 81' lang='lat'>15</span> <span class='ocrx_word' id='word_1_124' title='bbox 182 2114 297 2188; x_wconf 87' lang='lat' dir='ltr'>bitam</span> <span class='ocrx_word' id='word_1_125' title='bbox 327 2116 486 2187; x_wconf 90' lang='lat' dir='ltr'>obtinuit</span> <span class='ocrx_word' id='word_1_126' title='bbox 514 2115 723 2188; x_wconf 89' lang='lat' dir='ltr'>sanitatem.</span> 
     </span>
    </p>

    <p class='ocr_par' dir='ltr' id='par_1_7' title="bbox 182 2221 1301 2642">
     <span class='ocr_line' id='line_1_18' title="bbox 269 2221 1301 2321; baseline 0.003 -28"><span class='ocrx_word' id='word_1_127' title='bbox 269 2243 351 2314; x_wconf 88' lang='lat'>197.</span> <span class='ocrx_word' id='word_1_128' title='bbox 384 2221 450 2294; x_wconf 91' lang='lat' dir='ltr'>Vir</span> <span class='ocrx_word' id='word_1_129' title='bbox 480 2247 583 2306; x_wconf 93' lang='lat' dir='ltr'>unus,</span> <span class='ocrx_word' id='word_1_130' title='bbox 616 2248 699 2294; x_wconf 90' lang='lat' dir='ltr'>cum</span> <span class='ocrx_word' id='word_1_131' title='bbox 719 2223 859 2319; x_wconf 85' lang='lat' dir='ltr'>sagitta</span> <span class='ocrx_word' id='word_1_132' title='bbox 879 2223 998 2296; x_wconf 87' lang='lat' dir='ltr'>ferrea</span> <span class='ocrx_word' id='word_1_133' title='bbox 1017 2223 1182 2321; x_wconf 87' lang='lat' dir='ltr'>graviter</span> <span class='ocrx_word' id='word_1_134' title='bbox 1200 2239 1301 2297; x_wconf 89' lang='lat' dir='ltr'>esset</span> 
     </span>
     <span class='ocr_line' id='line_1_19' title="bbox 184 2328 1299 2425; baseline 0.003 -25"><span class='ocrx_word' id='word_1_135' title='bbox 184 2330 397 2401; x_wconf 89' lang='lat' dir='ltr'>vulneratus</span> <span class='ocrx_word' id='word_1_136' title='bbox 416 2328 453 2401; x_wconf 93' lang='lat' dir='ltr'>in</span> <span class='ocrx_word' id='word_1_137' title='bbox 474 2328 606 2425; x_wconf 88' lang='lat' dir='ltr'>capite,</span> <span class='ocrx_word' id='word_1_138' title='bbox 629 2328 730 2401; x_wconf 90' lang='lat' dir='ltr'>nullo</span> <span class='ocrx_word' id='word_1_139' title='bbox 750 2345 897 2425; x_wconf 92' lang='lat' dir='ltr'>poterat</span> <span class='ocrx_word' id='word_1_140' title='bbox 916 2328 1146 2402; x_wconf 88' lang='lat' dir='ltr'>medicorum</span> <span class='ocrx_word' id='word_1_141' title='bbox 1161 2328 1299 2403; x_wconf 84' lang='lat' dir='ltr'>auxilio</span> 
     </span>
     <span class='ocr_line' id='line_1_20' title="bbox 182 2434 1299 2535; baseline -0.001 -25"><span class='ocrx_word' id='word_1_142' title='bbox 182 2436 359 2520; x_wconf 89' lang='lat' dir='ltr'>adiuvari,</span> <span class='ocrx_word' id='word_1_143' title='bbox 386 2436 473 2533; x_wconf 89' lang='lat' dir='ltr'>quia</span> <span class='ocrx_word' id='word_1_144' title='bbox 502 2436 639 2534; x_wconf 85' lang='lat' dir='ltr'>sagitta</span> <span class='ocrx_word' id='word_1_145' title='bbox 657 2462 725 2534; x_wconf 91' lang='lat' dir='ltr'>per</span> <span class='ocrx_word' id='word_1_146' title='bbox 744 2434 840 2509; x_wconf 88' lang='lat' dir='ltr'>oculi</span> <span class='ocrx_word' id='word_1_147' title='bbox 861 2461 1013 2535; x_wconf 90' lang='lat' dir='ltr'>capsam</span> <span class='ocrx_word' id='word_1_148' title='bbox 1033 2437 1187 2511; x_wconf 88' lang='lat' dir='ltr'>intrarat</span> <span class='ocrx_word' id='word_1_149' title='bbox 1205 2454 1243 2511; x_wconf 92' lang='lat' dir='ltr'>et</span> <span class='ocrx_word' id='word_1_150' title='bbox 1263 2438 1299 2510; x_wconf 94' lang='lat' dir='ltr'>in</span> 
     </span>
     <span class='ocr_line' id='line_1_21' title="bbox 183 2543 1299 2642; baseline 0.001 -26"><span class='ocrx_word' id='word_1_151' title='bbox 183 2544 303 2640; x_wconf 88' lang='lat' dir='ltr'>capite</span> <span class='ocrx_word' id='word_1_152' title='bbox 324 2562 554 2616; x_wconf 85' lang='lat' dir='ltr'>remanserat</span> <span class='ocrx_word' id='word_1_153' title='bbox 570 2543 777 2617; x_wconf 87' lang='lat' dir='ltr'>interclusa.</span> <span class='ocrx_word' id='word_1_154' title='bbox 837 2544 912 2638; x_wconf 85' lang='lat' dir='ltr'>Qui</span> <span class='ocrx_word' id='word_1_155' title='bbox 927 2544 1128 2617; x_wconf 91' lang='lat' dir='ltr'>devotione</span> <span class='ocrx_word' id='word_1_156' title='bbox 1143 2546 1299 2642; x_wconf 90' lang='lat' dir='ltr'>supplici</span> 
     </span>
    </p>

    <p class='ocr_par' dir='ltr' id='par_1_8' title="bbox 110 2650 1301 3178">
     <span class='ocr_line' id='line_1_22' title="bbox 110 2650 1298 2749; baseline -0.001 -23"><span class='ocrx_word' id='word_1_157' title='bbox 110 2679 154 2726; x_wconf 87' lang='lat'>20</span> <span class='ocrx_word' id='word_1_158' title='bbox 182 2651 294 2724; x_wconf 91' lang='lat' dir='ltr'>beato</span> <span class='ocrx_word' id='word_1_159' title='bbox 323 2650 523 2723; x_wconf 86' lang='lat' dir='ltr'>Francisco</span> <span class='ocrx_word' id='word_1_160' title='bbox 551 2675 591 2723; x_wconf 94' lang='lat' dir='ltr'>se</span> <span class='ocrx_word' id='word_1_161' title='bbox 620 2676 771 2735; x_wconf 90' lang='lat' dir='ltr'>vovens,</span> <span class='ocrx_word' id='word_1_162' title='bbox 797 2651 886 2723; x_wconf 92' lang='lat' dir='ltr'>dum</span> <span class='ocrx_word' id='word_1_163' title='bbox 905 2650 1175 2747; x_wconf 90' lang='lat' dir='ltr'>aliquantulum</span> <span class='ocrx_word' id='word_1_164' title='bbox 1199 2651 1298 2749; x_wconf 89' lang='lat' dir='ltr'>quie-</span> 
     </span>
     <span class='ocr_line' id='line_1_23' title="bbox 182 2757 1296 2841; baseline 0.002 -11"><span class='ocrx_word' id='word_1_165' title='bbox 182 2774 303 2831; x_wconf 86' lang='lat' dir='ltr'>sceret</span> <span class='ocrx_word' id='word_1_166' title='bbox 330 2775 368 2830; x_wconf 93' lang='lat' dir='ltr'>et</span> <span class='ocrx_word' id='word_1_167' title='bbox 397 2757 586 2841; x_wconf 90' lang='lat' dir='ltr'>dormiret,</span> <span class='ocrx_word' id='word_1_168' title='bbox 619 2757 759 2830; x_wconf 86' lang='lat' dir='ltr'>audivit</span> <span class='ocrx_word' id='word_1_169' title='bbox 788 2759 938 2831; x_wconf 91' lang='lat' dir='ltr'>beatum</span> <span class='ocrx_word' id='word_1_170' title='bbox 967 2758 1208 2832; x_wconf 89' lang='lat' dir='ltr'>Franciscum</span> <span class='ocrx_word' id='word_1_171' title='bbox 1228 2759 1296 2832; x_wconf 91' lang='lat' dir='ltr'>sibi</span> 
     </span>
     <span class='ocr_line' id='line_1_24' title="bbox 182 2863 1298 2963; baseline 0.001 -26"><span class='ocrx_word' id='word_1_172' title='bbox 182 2865 367 2937; x_wconf 90' lang='lat' dir='ltr'>dicentem</span> <span class='ocrx_word' id='word_1_173' title='bbox 397 2866 434 2936; x_wconf 94' lang='lat' dir='ltr'>in</span> <span class='ocrx_word' id='word_1_174' title='bbox 463 2863 614 2948; x_wconf 74' lang='lat' dir='ltr'>somnis</span> <span class='ocrx_word' id='word_1_175' title='bbox 646 2865 747 2959; x_wconf 90' lang='lat' dir='ltr'>quod</span> <span class='ocrx_word' id='word_1_176' title='bbox 784 2890 853 2961; x_wconf 90' lang='lat' dir='ltr'>per</span> <span class='ocrx_word' id='word_1_177' title='bbox 880 2866 1126 2962; x_wconf 90' lang='lat' dir='ltr'>posteriorem</span> <span class='ocrx_word' id='word_1_178' title='bbox 1154 2883 1298 2963; x_wconf 89' lang='lat' dir='ltr'>partem</span> 
     </span>
     <span class='ocr_line' id='line_1_25' title="bbox 183 2970 1301 3069; baseline 0.002 -26"><span class='ocrx_word' id='word_1_179' title='bbox 183 2970 313 3068; x_wconf 90' lang='lat' dir='ltr'>capitis</span> <span class='ocrx_word' id='word_1_180' title='bbox 328 2970 466 3044; x_wconf 83' lang='lat' dir='ltr'>faceret</span> <span class='ocrx_word' id='word_1_181' title='bbox 480 2971 575 3044; x_wconf 90' lang='lat' dir='ltr'>trahi</span> <span class='ocrx_word' id='word_1_182' title='bbox 590 2971 777 3068; x_wconf 87' lang='lat' dir='ltr'>sagittam.</span> <span class='ocrx_word' id='word_1_183' title='bbox 817 2971 965 3068; x_wconf 88' lang='lat' dir='ltr'>Sicque,</span> <span class='ocrx_word' id='word_1_184' title='bbox 983 2991 1095 3069; x_wconf 90' lang='lat' dir='ltr'>prout</span> <span class='ocrx_word' id='word_1_185' title='bbox 1109 2972 1145 3045; x_wconf 93' lang='lat' dir='ltr'>in</span> <span class='ocrx_word' id='word_1_186' title='bbox 1161 2972 1301 3045; x_wconf 92' lang='lat' dir='ltr'>somnis</span> 
     </span>
     <span class='ocr_line' id='line_1_26' title="bbox 181 3070 1301 3178; baseline 0.003 -28"><span class='ocrx_word' id='word_1_187' title='bbox 181 3076 350 3150; x_wconf 90' lang='lat' dir='ltr'>audierat</span> <span class='ocrx_word' id='word_1_188' title='bbox 370 3078 519 3161; x_wconf 79' lang='lat' dir='ltr'>faciens,</span> <span class='ocrx_word' id='word_1_189' title='bbox 541 3077 602 3149; x_wconf 90' lang='lat' dir='ltr'>die</span> <span class='ocrx_word' id='word_1_190' title='bbox 621 3079 792 3174; x_wconf 91' lang='lat' dir='ltr'>sequenti</span> <span class='ocrx_word' id='word_1_191' title='bbox 821 3079 901 3152; x_wconf 91' lang='lat' dir='ltr'>sine</span> <span class='ocrx_word' id='word_1_192' title='bbox 921 3078 1138 3153; x_wconf 85' lang='lat' dir='ltr'>difficultate</span> <span class='ocrx_word' id='word_1_193' title='bbox 1162 3070 1301 3178; x_wconf 83' lang='lat' dir='ltr'>magna</span> 
     </span>
    </p>

    <p class='ocr_par' dir='ltr' id='par_1_9' title="bbox 110 3183 537 3276">
     <span class='ocr_line' id='line_1_27' title="bbox 110 3183 537 3276; baseline -0.007 -17"><span class='ocrx_word' id='word_1_194' title='bbox 110 3211 150 3276; x_wconf 81' lang='lat'>25</span> <span class='ocrx_word' id='word_1_195' title='bbox 183 3183 323 3257; x_wconf 88' lang='lat' dir='ltr'>exstitit</span> <span class='ocrx_word' id='word_1_196' title='bbox 351 3183 537 3258; x_wconf 90' lang='lat' dir='ltr'>liberatus.</span> 
     </span>
    </p>
   </div>
   <div class='ocr_carea' id='block_1_4' title="bbox 180 3403 1383 4433">
    <p class='ocr_par' dir='ltr' id='par_1_10' title="bbox 180 3403 1383 4433">
     <span class='ocr_line' id='line_1_28' title="bbox 254 3403 1300 3477; baseline 0.002 -20"><span class='ocrx_word' id='word_1_197' title='bbox 254 3421 277 3474; x_wconf 82' lang='lat'>3.</span> <span class='ocrx_word' id='word_1_198' title='bbox 290 3403 478 3475; x_wconf 86' lang='lat' dir='ltr'>Post-frater]</span> <span class='ocrx_word' id='word_1_199' title='bbox 492 3404 542 3460; x_wconf 88' lang='lat' dir='ltr'>FA</span> <span class='ocrx_word' id='word_1_200' title='bbox 558 3405 650 3459; x_wconf 84' lang='lat' dir='ltr'>Frater</span> <span class='ocrx_word' id='word_1_201' title='bbox 669 3405 777 3476; x_wconf 88' lang='lat' dir='ltr'>quidam</span> <span class='ocrx_word' id='word_1_202' title='bbox 850 3423 876 3472; x_wconf 78' lang='grc'>4.</span> <span class='ocrx_word' id='word_1_203' title='bbox 896 3423 1007 3477; x_wconf 86' lang='lat' dir='ltr'>gravem</span> <span class='ocrx_word' id='word_1_204' title='bbox 1026 3406 1153 3477; x_wconf 89' lang='lat' dir='ltr'>habebat]</span> <span class='ocrx_word' id='word_1_205' title='bbox 1174 3407 1222 3460; x_wconf 74' lang='grc' dir='ltr'>ΡΑ</span> <span class='ocrx_word' id='word_1_206' title='bbox 1242 3423 1300 3477; x_wconf 87' lang='lat' dir='ltr'>gra·</span> 
     </span>
     <span class='ocr_line' id='line_1_29' title="bbox 181 3483 1383 3558; baseline 0 -21"><span class='ocrx_word' id='word_1_207' title='bbox 181 3484 323 3538; x_wconf 84' lang='lat' dir='ltr'>vissimum</span> <span class='ocrx_word' id='word_1_208' title='bbox 343 3483 473 3539; x_wconf 84' lang='lat' dir='ltr'>tolerabat</span> <span class='ocrx_word' id='word_1_209' title='bbox 554 3483 577 3539; x_wconf 90' lang='lat'>6.</span> <span class='ocrx_word' id='word_1_210' title='bbox 592 3486 639 3539; x_wconf 72' lang='grc' dir='ltr'>ΡΑ</span> <span class='ocrx_word' id='word_1_211' title='bbox 653 3487 761 3539; x_wconf 86' lang='lat' dir='ltr'>visitare</span> <span class='ocrx_word' id='word_1_212' title='bbox 843 3500 867 3554; x_wconf 88' lang='lat'>7.</span> <span class='ocrx_word' id='word_1_213' title='bbox 880 3488 927 3541; x_wconf 69' lang='grc' dir='ltr'>ΡΑ</span> <span class='ocrx_word' id='word_1_214' title='bbox 942 3485 1101 3558; x_wconf 86' lang='lat' dir='ltr'>postulasset</span> <span class='ocrx_word' id='word_1_215' title='bbox 1174 3500 1233 3555; x_wconf 82' lang='lat'>7-9.</span> <span class='ocrx_word' id='word_1_216' title='bbox 1251 3487 1299 3537; x_wconf 89' lang='lat' dir='ltr'>mi·</span> <span class='ocrx_word' id='word_1_217' title='bbox 1379 3488 1383 3495; x_wconf 88' lang='lat'>&#39;</span> 
     </span>
     <span class='ocr_line' id='line_1_30' title="bbox 182 3563 1299 3635; baseline 0.002 -18"><span class='ocrx_word' id='word_1_218' title='bbox 182 3563 343 3634; x_wconf 80' lang='lat' dir='ltr'>nister-est]</span> <span class='ocrx_word' id='word_1_219' title='bbox 362 3565 413 3619; x_wconf 73' lang='grc' dir='ltr'>ΡΑ</span> <span class='ocrx_word' id='word_1_220' title='bbox 427 3566 451 3618; x_wconf 88' lang='lat' dir='ltr'>ei</span> <span class='ocrx_word' id='word_1_221' title='bbox 471 3565 595 3619; x_wconf 86' lang='lat' dir='ltr'>minister</span> <span class='ocrx_word' id='word_1_222' title='bbox 614 3582 649 3618; x_wconf 88' lang='lat' dir='ltr'>ne</span> <span class='ocrx_word' id='word_1_223' title='bbox 668 3578 776 3635; x_wconf 91' lang='lat' dir='ltr'>propter</span> <span class='ocrx_word' id='word_1_224' title='bbox 792 3564 981 3633; x_wconf 77' lang='lat' dir='ltr'>fatigationem</span> <span class='ocrx_word' id='word_1_225' title='bbox 995 3567 1081 3619; x_wconf 88' lang='lat' dir='ltr'>maius</span> <span class='ocrx_word' id='word_1_226' title='bbox 1095 3567 1241 3618; x_wconf 86' lang='lat' dir='ltr'>incurreret</span> <span class='ocrx_word' id='word_1_227' title='bbox 1254 3582 1299 3634; x_wconf 88' lang='lat' dir='ltr'>pe·</span> 
     </span>
     <span class='ocr_line' id='line_1_31' title="bbox 182 3643 1299 3716; baseline 0.001 -20"><span class='ocrx_word' id='word_1_228' title='bbox 182 3643 297 3697; x_wconf 88' lang='lat' dir='ltr'>riculum</span> <span class='ocrx_word' id='word_1_229' title='bbox 317 3644 473 3715; x_wconf 82' lang='lat' dir='ltr'>denegaret,</span> <span class='ocrx_word' id='word_1_230' title='bbox 491 3647 664 3698; x_wconf 82' lang='lat' dir='ltr'>contristatus</span> <span class='ocrx_word' id='word_1_231' title='bbox 683 3644 764 3698; x_wconf 85' lang='lat' dir='ltr'>stater</span> <span class='ocrx_word' id='word_1_232' title='bbox 787 3644 984 3716; x_wconf 88' lang='lat' dir='ltr'>aliquantulum</span> <span class='ocrx_word' id='word_1_233' title='bbox 1011 3645 1098 3699; x_wconf 89' lang='lat' dir='ltr'>doluit</span> <span class='ocrx_word' id='word_1_234' title='bbox 1182 3660 1220 3698; x_wconf 79' lang='grc' dir='ltr'>ιο.</span> <span class='ocrx_word' id='word_1_235' title='bbox 1241 3645 1299 3698; x_wconf 78' lang='lat' dir='ltr'>fA</span> 
     </span>
     <span class='ocr_line' id='line_1_32' title="bbox 182 3724 1299 3797; baseline 0.002 -21"><span class='ocrx_word' id='word_1_236' title='bbox 182 3739 290 3778; x_wconf 88' lang='lat' dir='ltr'>sanctus</span> <span class='ocrx_word' id='word_1_237' title='bbox 377 3741 417 3779; x_wconf 83' lang='lat'>12.</span> <span class='ocrx_word' id='word_1_238' title='bbox 437 3726 484 3780; x_wconf 86' lang='lat' dir='ltr'>FA</span> <span class='ocrx_word' id='word_1_239' title='bbox 507 3741 660 3796; x_wconf 86' lang='lat' dir='ltr'>sepone...</span> <span class='ocrx_word' id='word_1_240' title='bbox 685 3725 852 3796; x_wconf 85' lang='lat' dir='ltr'>observaque</span> <span class='ocrx_word' id='word_1_241' title='bbox 940 3740 1033 3792; x_wconf 73' lang='lat'>14-15.</span> <span class='ocrx_word' id='word_1_242' title='bbox 1054 3724 1299 3797; x_wconf 83' lang='lat' dir='ltr'>fecit-sanitatem]</span> 
     </span>
     <span class='ocr_line' id='line_1_33' title="bbox 181 3804 1299 3876; baseline 0.001 -18"><span class='ocrx_word' id='word_1_243' title='bbox 181 3804 232 3858; x_wconf 73' lang='grc' dir='ltr'>ΡΑ</span> <span class='ocrx_word' id='word_1_244' title='bbox 248 3807 320 3859; x_wconf 84' lang='lat' dir='ltr'>iuxta</span> <span class='ocrx_word' id='word_1_245' title='bbox 336 3818 509 3876; x_wconf 86' lang='lat' dir='ltr'>praeceptum</span> <span class='ocrx_word' id='word_1_246' title='bbox 525 3806 582 3860; x_wconf 89' lang='lat' dir='ltr'>eius</span> <span class='ocrx_word' id='word_1_247' title='bbox 597 3806 691 3859; x_wconf 83' lang='lat' dir='ltr'>omnia</span> <span class='ocrx_word' id='word_1_248' title='bbox 706 3806 768 3859; x_wconf 83' lang='lat' dir='ltr'>lecit</span> <span class='ocrx_word' id='word_1_249' title='bbox 784 3819 811 3858; x_wconf 90' lang='lat' dir='ltr'>et</span> <span class='ocrx_word' id='word_1_250' title='bbox 826 3806 942 3859; x_wconf 88' lang='lat' dir='ltr'>subitam</span> <span class='ocrx_word' id='word_1_251' title='bbox 959 3804 1075 3859; x_wconf 86' lang='lat' dir='ltr'>salutem</span> <span class='ocrx_word' id='word_1_252' title='bbox 1091 3805 1204 3858; x_wconf 91' lang='lat' dir='ltr'>obtinuit</span> <span class='ocrx_word' id='word_1_253' title='bbox 1217 3822 1299 3876; x_wconf 90' lang='lat' dir='ltr'>quam</span> 
     </span>
     <span class='ocr_line' id='line_1_34' title="bbox 181 3883 1301 3955; baseline 0.001 -18"><span class='ocrx_word' id='word_1_254' title='bbox 181 3884 280 3939; x_wconf 89' lang='lat' dir='ltr'>audivi.</span> <span class='ocrx_word' id='word_1_255' title='bbox 357 3883 450 3955; x_wconf 76' lang='lat'>16-23.</span> <span class='ocrx_word' id='word_1_256' title='bbox 472 3887 520 3940; x_wconf 74' lang='grc' dir='ltr'>ΡΑ</span> <span class='ocrx_word' id='word_1_257' title='bbox 534 3886 583 3938; x_wconf 87' lang='lat' dir='ltr'>Vir</span> <span class='ocrx_word' id='word_1_258' title='bbox 595 3902 664 3939; x_wconf 90' lang='lat' dir='ltr'>unus</span> <span class='ocrx_word' id='word_1_259' title='bbox 678 3902 739 3940; x_wconf 89' lang='lat' dir='ltr'>cum</span> <span class='ocrx_word' id='word_1_260' title='bbox 754 3898 823 3939; x_wconf 88' lang='lat' dir='ltr'>esset</span> <span class='ocrx_word' id='word_1_261' title='bbox 838 3887 864 3938; x_wconf 93' lang='lat' dir='ltr'>in</span> <span class='ocrx_word' id='word_1_262' title='bbox 879 3887 965 3954; x_wconf 85' lang='lat' dir='ltr'>capite</span> <span class='ocrx_word' id='word_1_263' title='bbox 977 3886 1074 3955; x_wconf 86' lang='lat' dir='ltr'>sagitta</span> <span class='ocrx_word' id='word_1_264' title='bbox 1087 3884 1172 3938; x_wconf 88' lang='lat' dir='ltr'>ferrea</span> <span class='ocrx_word' id='word_1_265' title='bbox 1186 3888 1301 3955; x_wconf 87' lang='lat' dir='ltr'>graviter</span> 
     </span>
     <span class='ocr_line' id='line_1_35' title="bbox 182 3963 1300 4035; baseline 0.004 -21"><span class='ocrx_word' id='word_1_266' title='bbox 182 3963 347 4028; x_wconf 82' lang='lat' dir='ltr'>vulneratus,</span> <span class='ocrx_word' id='word_1_267' title='bbox 361 3976 387 4017; x_wconf 89' lang='lat' dir='ltr'>et</span> <span class='ocrx_word' id='word_1_268' title='bbox 401 3964 499 4035; x_wconf 86' lang='lat' dir='ltr'>sagitta</span> <span class='ocrx_word' id='word_1_269' title='bbox 515 3964 561 4019; x_wconf 88' lang='lat' dir='ltr'>illa</span> <span class='ocrx_word' id='word_1_270' title='bbox 575 3965 680 4019; x_wconf 88' lang='lat' dir='ltr'>intrans</span> <span class='ocrx_word' id='word_1_271' title='bbox 696 3981 744 4035; x_wconf 88' lang='lat' dir='ltr'>per</span> <span class='ocrx_word' id='word_1_272' title='bbox 758 3981 868 4035; x_wconf 86' lang='lat' dir='ltr'>capsam</span> <span class='ocrx_word' id='word_1_273' title='bbox 884 3964 956 4018; x_wconf 88' lang='lat' dir='ltr'>oculi</span> <span class='ocrx_word' id='word_1_274' title='bbox 970 3965 1145 4018; x_wconf 84' lang='lat' dir='ltr'>remansisset</span> <span class='ocrx_word' id='word_1_275' title='bbox 1159 3964 1188 4017; x_wconf 92' lang='lat' dir='ltr'>in</span> <span class='ocrx_word' id='word_1_276' title='bbox 1204 3966 1300 4035; x_wconf 83' lang='lat' dir='ltr'>capite,</span> 
     </span>
     <span class='ocr_line' id='line_1_36' title="bbox 182 4043 1301 4115; baseline 0.002 -18"><span class='ocrx_word' id='word_1_277' title='bbox 182 4043 260 4098; x_wconf 90' lang='lat' dir='ltr'>nullo</span> <span class='ocrx_word' id='word_1_278' title='bbox 275 4057 379 4115; x_wconf 89' lang='lat' dir='ltr'>poterat</span> <span class='ocrx_word' id='word_1_279' title='bbox 400 4044 569 4099; x_wconf 87' lang='lat' dir='ltr'>medicorum</span> <span class='ocrx_word' id='word_1_280' title='bbox 594 4043 695 4099; x_wconf 82' lang='lat' dir='ltr'>auxilio</span> <span class='ocrx_word' id='word_1_281' title='bbox 718 4045 846 4098; x_wconf 84' lang='lat' dir='ltr'>adiuvari.</span> <span class='ocrx_word' id='word_1_282' title='bbox 885 4043 969 4098; x_wconf 87' lang='lat' dir='ltr'>Vovit</span> <span class='ocrx_word' id='word_1_283' title='bbox 985 4062 1014 4098; x_wconf 91' lang='lat' dir='ltr'>se</span> <span class='ocrx_word' id='word_1_284' title='bbox 1039 4044 1136 4098; x_wconf 84' lang='lat' dir='ltr'>deinde</span> <span class='ocrx_word' id='word_1_285' title='bbox 1155 4044 1301 4099; x_wconf 84' lang='lat' dir='ltr'>devotione</span> 
     </span>
     <span class='ocr_line' id='line_1_37' title="bbox 181 4121 1301 4195; baseline 0.001 -19"><span class='ocrx_word' id='word_1_286' title='bbox 181 4122 296 4194; x_wconf 88' lang='lat' dir='ltr'>supplici</span> <span class='ocrx_word' id='word_1_287' title='bbox 311 4136 407 4177; x_wconf 88' lang='lat' dir='ltr'>sancto</span> <span class='ocrx_word' id='word_1_288' title='bbox 423 4124 475 4176; x_wconf 90' lang='lat' dir='ltr'>Dei</span> <span class='ocrx_word' id='word_1_289' title='bbox 492 4123 648 4191; x_wconf 84' lang='lat' dir='ltr'>Francisco,</span> <span class='ocrx_word' id='word_1_290' title='bbox 664 4141 774 4194; x_wconf 89' lang='lat' dir='ltr'>sperans</span> <span class='ocrx_word' id='word_1_291' title='bbox 788 4141 817 4177; x_wconf 89' lang='lat' dir='ltr'>se</span> <span class='ocrx_word' id='word_1_292' title='bbox 837 4140 917 4195; x_wconf 89' lang='lat' dir='ltr'>posse</span> <span class='ocrx_word' id='word_1_293' title='bbox 937 4124 1020 4194; x_wconf 88' lang='lat' dir='ltr'>ipsius</span> <span class='ocrx_word' id='word_1_294' title='bbox 1035 4121 1165 4195; x_wconf 84' lang='lat' dir='ltr'>suffragio</span> <span class='ocrx_word' id='word_1_295' title='bbox 1184 4123 1301 4178; x_wconf 88' lang='lat' dir='ltr'>liberari.</span> 
     </span>
     <span class='ocr_line' id='line_1_38' title="bbox 182 4202 1300 4275; baseline 0.004 -21"><span class='ocrx_word' id='word_1_296' title='bbox 182 4202 321 4267; x_wconf 87' lang='lat' dir='ltr'>Quidum</span> <span class='ocrx_word' id='word_1_297' title='bbox 344 4203 542 4273; x_wconf 80' lang='lat' dir='ltr'>aliquantulum</span> <span class='ocrx_word' id='word_1_298' title='bbox 562 4205 714 4275; x_wconf 85' lang='lat' dir='ltr'>quiesceret</span> <span class='ocrx_word' id='word_1_299' title='bbox 738 4216 764 4256; x_wconf 92' lang='lat' dir='ltr'>et</span> <span class='ocrx_word' id='word_1_300' title='bbox 788 4204 917 4258; x_wconf 86' lang='lat' dir='ltr'>dormiret</span> <span class='ocrx_word' id='word_1_301' title='bbox 945 4204 1045 4258; x_wconf 91' lang='lat' dir='ltr'>dictum</span> <span class='ocrx_word' id='word_1_302' title='bbox 1066 4216 1107 4258; x_wconf 82' lang='lat' dir='ltr'>est</span> <span class='ocrx_word' id='word_1_303' title='bbox 1126 4205 1149 4258; x_wconf 89' lang='lat' dir='ltr'>ei</span> <span class='ocrx_word' id='word_1_304' title='bbox 1171 4220 1186 4256; x_wconf 85' lang='lat' dir='ltr'>a</span> <span class='ocrx_word' id='word_1_305' title='bbox 1206 4217 1300 4258; x_wconf 84' lang='lat' dir='ltr'>sancto</span> 
     </span>
     <span class='ocr_line' id='line_1_39' title="bbox 180 4280 1299 4356; baseline 0.003 -22"><span class='ocrx_word' id='word_1_306' title='bbox 180 4280 326 4337; x_wconf 86' lang='lat' dir='ltr'>Francisco</span> <span class='ocrx_word' id='word_1_307' title='bbox 344 4283 371 4336; x_wconf 88' lang='lat' dir='ltr'>in</span> <span class='ocrx_word' id='word_1_308' title='bbox 391 4284 496 4337; x_wconf 88' lang='lat' dir='ltr'>somnis</span> <span class='ocrx_word' id='word_1_309' title='bbox 515 4284 587 4354; x_wconf 89' lang='lat' dir='ltr'>quod</span> <span class='ocrx_word' id='word_1_310' title='bbox 612 4300 660 4356; x_wconf 90' lang='lat' dir='ltr'>per</span> <span class='ocrx_word' id='word_1_311' title='bbox 678 4282 858 4355; x_wconf 89' lang='lat' dir='ltr'>posteriorem</span> <span class='ocrx_word' id='word_1_312' title='bbox 878 4297 981 4356; x_wconf 81' lang='lat' dir='ltr'>partem</span> <span class='ocrx_word' id='word_1_313' title='bbox 1002 4284 1096 4354; x_wconf 87' lang='lat' dir='ltr'>capitis</span> <span class='ocrx_word' id='word_1_314' title='bbox 1116 4282 1217 4338; x_wconf 88' lang='lat' dir='ltr'>faceret</span> <span class='ocrx_word' id='word_1_315' title='bbox 1239 4302 1299 4338; x_wconf 83' lang='lat' dir='ltr'>eam</span> 
     </span>
     <span class='ocr_line' id='line_1_40' title="bbox 180 4362 708 4433; baseline 0.008 -19"><span class='ocrx_word' id='word_1_316' title='bbox 180 4362 249 4418; x_wconf 81' lang='lat' dir='ltr'>trahi</span> <span class='ocrx_word' id='word_1_317' title='bbox 322 4378 365 4429; x_wconf 83' lang='lat'>24.</span> <span class='ocrx_word' id='word_1_318' title='bbox 384 4364 517 4433; x_wconf 88' lang='lat' dir='ltr'>audierat]</span> <span class='ocrx_word' id='word_1_319' title='bbox 538 4364 587 4419; x_wconf 71' lang='grc' dir='ltr'>ΡΑ</span> <span class='ocrx_word' id='word_1_320' title='bbox 608 4364 708 4418; x_wconf 86' lang='lat' dir='ltr'>viderat</span> 
     </span>
    </p>
   </div>
   <div class='ocr_carea' id='block_1_5' title="bbox 607 4530 873 4539">
    <p class='ocr_par' dir='ltr' id='par_1_11' title="bbox 607 4530 873 4539">
     <span class='ocr_line' id='line_1_41' title="bbox 607 4530 873 4539; baseline 0.008 -2"><span class='ocrx_word' id='word_1_321' title='bbox 607 4530 873 4539; x_wconf 71' lang='lat'>———.——-.-</span> 
     </span>
    </p>
   </div>
   <div class='ocr_carea' id='block_1_6' title="bbox 0 0 1577 4875">
    <p class='ocr_par' dir='ltr' id='par_1_12' title="bbox 0 0 1577 4875">
     <span class='ocr_line' id='line_1_42' title="bbox 0 0 1577 4875; baseline 0 0"><span class='ocrx_word' id='word_1_322' title='bbox 0 0 1577 4875; x_wconf 95' lang='lat' dir='ltr'> </span> 
     </span>
    </p>
   </div>
  </div>
 </body>
</html>
