3142 4875
592 338 698 386 sssn‘rr
726 337 912 387 rnnucrscr
1265 340 1310 410 77
1370 321 1371 324 ¹

186 572 361 646 omnibus
395 573 678 669 protectionem
736 571 886 644 Monuit
904 569 1092 668 proinde
1084 597 1205 668 ipsum
1230 598 1313 646 coe-

187 696 294 776 ptum
323 704 398 752 non
427 678 636 777 perficere
628 695 707 761 iter,
738 679 807 751 sed
826 679 875 751 ad
895 704 1022 751 curam
1041 696 1080 751 et
1099 680 1307 753 custodiam

188 811 329 870 eorum,
351 811 448 890 quos
468 785 642 859 dominus
661 766 768 859 Deus
786 785 1125 868 sibiocommiserat,
1153 785 1309 859 sollicite

187 894 360 1012 vigilare
414 892 558 966 Videns
585 910 711 966 autem
740 909 891 964 sanctus
920 891 1142 966 Franciscus
1162 910 1238 966 tam
1258 919 1313 966 re

140 1026 157 1089 5
187 987 394 1073 verendrim
423 1000 615 1072 dominum
645 1000 697 1071 sic
725 999 828 1094 pium
857 1024 992 1096 gerere
1020 998 1195 1083 animum,
1227 1001 1312 1073 affe·

181 1106 459 1210 ctumdulcenr,
478 1131 689 1195 sermonem
705 1105 908 1188 efficacem,
927 1106 1080 1202 gavisus
1100 1123 1158 1178 est
1172 1105 1312 1203 gaudio

188 1239 330 1311 magno
364 1215 484 1294 valde,
516 1230 555 1286 et
594 1212 741 1297 exinde,
768 1212 968 1310 procidens
997 1214 1044 1285 ad
1072 1215 1189 1310 pedes
1217 1213 1307 1296 eius,

188 1347 229 1394 se
259 1321 380 1418 ipsum
409 1331 448 1393 et
467 1321 598 1394 fratres
626 1344 714 1394 suos
743 1320 882 1391 devoto
902 1320 936 1392 ei
956 1318 1081 1393 animo
1099 1321 1254 1407 tradidit
1273 1337 1312 1393 et

188 1426 384 1500 commisit.

619 1585 885 1594 ——.-.-—--.

116 1780 157 1825 10
183 1765 246 1837 Do
260 1765 403 1869 spiritu
433 1762 634 1836 charitatis
660 1772 694 1835 el
711 1764 844 1859 offecto
862 1764 1124 1857 compassionis
1141 1789 1211 1859 quo
1228 1767 1310 1858 firr-

269 1879 373 1951 vobot
398 1904 488 1976 orgo
511 1887 718 1973 pauperem
745 1887 780 1950 el
805 1879 960 1973 quidde
981 1904 1042 1950 ooo
1069 1889 1103 1949 ol
1119 1880 1310 1974 ogno'colr's
1342 1905 1357 1980 J

255 1997 362 2091 fecit.
421 1994 596 2067 XXVlll.

272 2214 331 2300 76.
389 2210 499 2281 Pater
533 2233 740 2305 pauperum
779 2231 922 2303 pauper
959 2205 1192 2292 Franciscus,
1222 2232 1311 2303 pau-

142 2345 146 2350 *
185 2315 340 2413 peribus
376 2314 550 2388 omnibus
592 2337 632 2386 se
679 2314 927 2397 conformans,
971 2314 1233 2410 pauperiorem
1269 2340 1308 2387 se

118 2452 157 2517 15
186 2423 403 2522 quempiam
443 2423 659 2519 conspicere
687 2422 926 2519 gravabatur,
966 2446 1040 2493 non
1076 2420 1194 2493 inanis
1232 2421 1311 2519 glo-

185 2531 264 2604 riae
278 2529 459 2627 appetitu,
478 2528 545 2602 sed
565 2528 679 2601 solius
706 2528 976 2623 compassionis
998 2528 1150 2612 affectu;
1169 2545 1207 2601 et
1222 2527 1308 2601 licet

185 2637 313 2710 tunica
331 2636 393 2708 vili
408 2636 498 2709 satis
515 2638 586 2732 [et]
603 2635 750 2731 hispida
765 2634 861 2706 soret
877 2650 1085 2719 contentus,
1104 2634 1202 2708 illam
1220 2635 1308 2708 mul·

61 2824 71 2845 ,
186 2744 298 2818 toties
327 2768 411 2817 cum
446 2742 571 2839 aliquo
599 2767 764 2840 paupere
794 2740 1173 2839 dividerecupiebat.
1232 2743 1308 2814 Sed

187 2869 227 2923 ut
255 2850 459 2923 ditissimus
488 2874 642 2946 pauper,
664 2874 805 2947 magno
825 2848 974 2944 pietatis
1002 2850 1135 2922 aflectu
1161 2851 1305 2929 ductus,

115 2979 159 3026 20
187 2973 315 3054 posset
356 2973 559 3054 utcumque
587 2954 815 3054 pauperibus
844 2954 1053 3039 subvenire,
1095 2955 1309 3056 postulabat

188 3065 224 3137 in
253 3061 628 3161 magnissrigoribus
656 3089 680 3136 a
706 3060 883 3134 divitibus
912 3060 1021 3133 huius
1040 3062 1179 3135 saeculi
1208 3088 1309 3135 man-

187 3169 325 3255 tellum,
356 3194 421 3243 seu
460 3169 576 3266 pelles
604 3170 785 3266 praestari
807 3168 886 3240 sibi.
946 3168 1021 3263 Qui
1051 3181 1135 3241 c'um
1170 3171 1306 3242 devote

187 3270 360 3351 liben'tius
390 3276 427 3349 id
456 3277 621 3349 lacerent
650 3301 762 3373 quam
791 3276 839 3348 ab
868 3276 922 3348 eis
941 3292 1049 3372 pater
1067 3275 1305 3349 beatissimus

188 3385 402 3481 postularet,
434 3384 584 3456 dicebat
611 3382 683 3455 eis:
714 3381 798 3455 Tali
819 3398 949 3455 tenore
978 3383 1049 3454 hoc
1078 3408 1099 3454 a
1127 3383 1235 3456 vobis
1255 3410 1309 3455 re·

118 3514 158 3579 25
188 3490 332 3588 cipiam,
363 3492 466 3587 quod
494 3490 676 3564 rehabere
695 3490 742 3562 de
762 3506 913 3562 caetero
943 3488 1153 3562 nullatenus
1177 3515 1308 3587 exspe-

188 3599 304 3672 ctetis.
363 3598 537 3694 Cumque
569 3596 702 3693 aliquis
736 3622 784 3669 ex
819 3595 1046 3693 pauperibus
1074 3594 1109 3669 ei
1137 3597 1308 3694 primitus

851 3738 870 3767 O

258 3849 281 3887 2.
301 3833 488 3893 monson
540 3830 751 3886 Ornonsolum
802 3832 888 3886 Lom.
904 3832 954 3887 iter
1004 3832 1063 3902 sed]
1084 3832 1128 3887 AS
1146 3845 1172 3885 et
1247 3836 1307 3901 Η(

187 3924 361 3968 concesserat
448 3927 512 3982 4-5.
534 3914 569 3966 Os
586 3923 756 3965 reverentem
851 3928 872 3981 ς.
892 3913 930 3966 sic
951 3912 1036 3983 pium]
1058 3913 1102 3965 As
1119 3912 1186 3965 sicut
1205 3912 1308 3983 parvuli

188 3993 211 4047 8.
230 3991 307 4062 suos]
329 3993 363 4047 Os
383 3992 439 4045 eius
515 4007 554 4046 11.
577 3992 611 4046 Os
630 3992 708 4062 agnis
784 4007 824 4045 12.
845 3992 865 4045 L
886 3991 985 4045 laceret
1036 3993 1083 4055 Os,
1100 3992 1156 4056 Ox,
1172 3991 1206 4054 P,
1220 3994 1263 4055 R,
1279 3992 1314 4043 W

187 4071 276 4126 lecerit
365 4088 459 4142 13-14.
481 4072 515 4127 Os
534 4089 584 4125 om.
603 4072 763 4143 pauperibus
855 4088 894 4141 15.
916 4072 950 4125 Os
968 4071 1118 4142 quemlibet
1206 4088 1243 4141 17.
1264 4073 1311 4127 As

187 4170 235 4204 om.
248 4153 311 4207 satis
359 4154 395 4217 B,
409 4152 606 4231 Ejlld’om.
619 4164 645 4205 et
694 4150 1069 4220 loret]0xluisset;050m.
1146 4151 1186 4205 18.
1202 4152 1235 4205 Os
1248 4169 1308 4222 cup.

188 4248 317 4302 quaerens
412 4249 451 4303 19.
472 4232 507 4287 Os
526 4248 574 4285 om.
594 4231 691 4285 ductus
783 4246 825 4285 2¹.
848 4233 889 4285 Ox
908 4248 923 4284 a
943 4231 1051 4301 magnis
1069 4230 1121 4284 div.
1211 4246 1252 4283 22.
1274 4234 1309 4285 tls

189 4313 272 4381 parari
307 4313 352 4368 AS
364 4330 413 4368 om.
429 4312 479 4366 sibi
495 4319 516 4366 et
532 4312 576 4382 leg.
594 4310 678 4374 Quod
753 4311 853 4382 23.id]
874 4312 991 4373 Hhoc,·
1013 4311 1104 4365 Rom.
1155 4312 1250 4382 quam]
1274 4314 1308 4366 Os

188 4402 331 4464 antequam
404 4409 445 4464 25.
465 4391 633 4470 nullatenus]
653 4392 700 4446 As
716 4407 771 4445 non
846 4390 888 4445 26.
908 4393 929 4448 R
950 4392 1022 4445 Cum
