3142 4875
591 388 696 437 sunm
725 388 911 437 Funuctsct
1261 385 1309 454 97

825 497 1312 506 —.....-.——-————-——-———-

183 620 328 720 proelia
346 620 383 693 in
404 622 535 693 castris
554 620 691 694 saeculi
712 620 831 693 huius.
889 620 976 693 Non
995 619 1136 693 veritus
1155 636 1212 693 est
1232 645 1311 693 suc-

184 729 363 801 cumbere
392 728 490 800 hosti
511 728 573 824 qui
595 753 669 800 non
698 727 858 801 cedebat
879 726 991 801 etiam
1017 727 1097 811 sibi,
1125 727 1308 810 cumdio,

184 860 301 932 supra
328 834 482 908 modum
511 834 757 908 humanarum
785 834 930 919 virium,
962 834 1180 907 laborasset.
1239 835 1310 906 Re-

184 967 276 1015 vera
313 940 606 1015 serventissimus
644 958 734 1024 erat,
773 958 811 1013 et
852 942 883 1014 si
925 941 1119 1016 retroactis
1152 940 1311 1015 saeculis

134 1075 153 1139 5
186 1050 330 1121 socium
368 1048 498 1120 habuit
533 1048 737 1144 proposit0,
771 1073 881 1120 nemo
910 1065 1036 1121 tamen
1065 1074 1112 1120 eo
1140 1049 1311 1146 superior

187 1156 361 1228 inventus
389 1170 447 1228 est
471 1155 668 1228 desiderio.
727 1156 825 1228 Nam
845 1172 884 1227 et
902 1154 1019 1227 levius
1038 1156 1204 1252 perlecta
1224 1180 1312 1252 ope-

187 1263 260 1335 rari
290 1287 401 1358 quam
431 1261 555 1334 dicere
584 1263 850 1359 cognoscebat,
891 1287 1040 1357 semper
1069 1287 1143 1334 non
1171 1263 1308 1345 verbis,

187 1394 285 1465 quae
312 1371 453 1441 bonum
484 1394 558 1441 non
579 1369 719 1441 laciunt
746 1370 814 1442 sed
840 1369 1054 1452 ostendunt,
1085 1370 1152 1441 sed
1172 1369 1312 1442 sanctis

185 1475 364 1572 operibus
392 1475 719 1574 efficaxstudium
740 1492 777 1548 et
796 1500 948 1573 operam
977 1475 1174 1572 praebens.
1232 1476 1313 1549 Ma-

115 1609 156 1656 10
188 1583 300 1655 nebat
329 1581 487 1679 proinde
515 1581 758 1655 inconcussus
786 1597 825 1655 et
853 1583 982 1665 laetus,
1014 1598 1052 1654 et
1079 1581 1148 1654 sibi
1168 1598 1207 1655 et
1226 1583 1312 1655 Deo

186 1688 221 1761 in
244 1690 357 1762 corde
377 1714 446 1761 suo
466 1688 628 1762 laetitiae
648 1690 794 1762 cantica
813 1690 1049 1762 decantabat.
1107 1690 1312 1786 Propterea

186 1795 318 1869 maiori
338 1796 566 1869 revelatione
586 1796 724 1893 dignus
744 1797 893 1869 habitus
913 1812 979 1880 est,
1004 1796 1067 1891 qui
1086 1795 1139 1869 sic
1168 1796 1216 1867 de
1245 1794 1314 1867 mi-

187 1902 288 1976 nima
329 1903 539 1987 exsultavit,
581 1918 619 1975 et
652 1904 688 1975 in
727 1902 876 1976 modico
915 1901 1035 1975 fidelis
1074 1901 1312 1975 constituitur

186 2035 301 2107 super
330 2008 456 2082 multa.

619 2199 886 2206 ψ-

117 2446 152 2510 15
330 2431 391 2502 De
410 2430 549 2502 vestime
567 2429 733 2502 homz'nz's
752 2430 956 2526 imaginem
975 2427 1167 2524 seraphim

496 2546 677 2645 crucifixi
702 2545 881 2618 habentis.
941 2546 1000 2617 lll.

271 2781 334 2850 94.
365 2758 543 2831 Faciente
573 2760 655 2856 ipso
677 2785 819 2832 moram
850 2760 885 2832 in
907 2758 1131 2842 eremitorio,
1155 2759 1312 2855 quoda

189 2866 275 2938 loco
293 2864 330 2938 in
351 2890 426 2961 quo
444 2866 608 2963 positum
628 2882 695 2951 est,
718 2866 885 2939 Alverna
914 2865 1137 2951 nominatur,
1169 2866 1316 2938 duobus

189 2972 298 3044 annis
327 2989 529 3069 antequam
558 2973 720 3048 animam
750 2974 924 3047 redderet
950 2974 1064 3057 cae10,
1097 2972 1189 3045 vidit
1211 2973 1246 3044 in
1265 2972 1316 3043 vi·

116 3092 161 3139 20
190 3078 297 3151 sione
326 3079 399 3152 Dei
429 3080 548 3152 virum
569 3106 694 3162 unum,
726 3082 832 3177 quasi
853 3078 1040 3177 seraphim
1069 3105 1136 3152 sex
1155 3078 1233 3153 alas
1254 3079 1316 3151 ha-

191 3186 356 3270 bentem,
387 3202 548 3259 stantem
577 3212 691 3284 supra
709 3213 759 3269 se,
793 3186 964 3260 manibus
993 3186 1159 3259 extensis
1187 3211 1230 3259 ac
1255 3212 1316 3283 pe-

192 3292 303 3364 dibus
331 3294 548 3377 coniunctis,
581 3293 680 3367 cruci
714 3293 880 3366 affixum.
948 3294 1058 3366 Duae
1088 3292 1172 3366 alae
1204 3318 1317 3389 supra

193 3414 306 3494 caput
325 3399 577 3484 elevabantur,
596 3401 694 3474 duae
711 3402 760 3473 ad
775 3402 978 3474 volandum
998 3401 1313 3481 extendebantur,

193 3504 290 3578 duae
318 3506 482 3603 denique
511 3524 630 3581 totum
649 3508 825 3581 velabant
845 3534 991 3605 corpus.
1051 3509 1223 3604 Cumque
1245 3507 1316 3578 ista

266 3730 290 3772 2.
300 3716 358 3782 AS,
370 3717 394 3771 E
401 3717 460 3782 sibl,
471 3719 553 3770 etiam
565 3735 627 3772 cum
665 3719 696 3773 H
703 3736 766 3772 cum
781 3721 834 3771 iam
848 3720 892 3772 diu
967 3735 990 3789 3.
1002 3719 1215 3772 Phumanarum
1226 3734 1317 3770 rerum

193 3795 292 3849 virium
366 3812 391 3862 4.
406 3798 447 3852 Ox
461 3797 621 3852 fortissimus
695 3814 717 3865 5.
733 3798 781 3853 AS
793 3801 818 3852 in
835 3801 975 3870 proposito
1015 3800 1162 3854 Oromeo
1236 3799 1260 3848 6.
1276 3797 1322 3851 AS

193 3877 223 3929 in
242 3876 377 3930 desiderio
450 3880 532 3948 7.A5
546 3894 600 3932 non
616 3881 800 3949 cognoscebat
877 3896 916 3934 10.
933 3879 1120 3947 inconcussus]
1142 3880 1170 3931 ll
1191 3876 1320 3932 confusus

199 3972 238 4010 11.
259 3958 293 4011 Os
306 3959 463 4020 cantico;P
481 3959 615 4011 canticum
655 3961 685 4013 ll
697 3960 839 4013 Praeterea
917 3976 955 4014 12.
975 3961 1020 4030 qui
1039 3959 1091 4026 sic]
1109 3960 1129 4011 L
1146 3971 1174 4011 ut
1190 3958 1235 4028 qui
1250 3958 1318 4022 sibi,-

198 4036 240 4091 Ox
259 4038 352 4108 utqui
444 4054 537 4109 12·13‚
562 4040 619 4105 As,
641 4040 690 4105 Os,
711 4042 746 4105 R,
773 4040 809 4091 W
825 4040 957 4110 minimo;
978 4041 1019 4093 Or
1040 4038 1174 4099 nrinimis;
1197 4038 1320 4090 Pnimia

199 4132 239 4185 13.
259 4119 280 4170 P
297 4136 345 4172 om.
366 4120 393 4171 ln
433 4119 474 4173 Ox
493 4119 674 4173 constituatur
733 4120 826 4187 15-16.
848 4122 878 4173 ,tl
895 4119 1031 4187 seraphim
1047 4119 1170 4170 habentis
1188 4119 1214 4170 in
1228 4117 1320 4170 simili·

196 4196 318 4250 tudinem
333 4199 479 4269 quemdam
497 4198 616 4252 crucifixi
687 4215 726 4268 17.
747 4202 816 4270 ipso]
830 4201 942 4255 Ebcato
955 4198 1099 4252 Franclsco
1136 4199 1158 4251 Ρ
1167 4196 1322 4250 eremitorio

202 4276 240 4328 18.
265 4278 312 4331 AS
330 4280 456 4342 Aumna,·
470 4280 509 4345 Ε,
525 4280 560 4333 Os
582 4280 708 4341 Averna;
730 4280 764 4342 L,
788 4280 948 4333 PAlumna
1002 4277 1170 4347 nominatur]
1188 4279 1209 4331 R
1226 4278 1322 4329 dicitur

201 4358 284 4411 21.H
294 4376 341 4411 om.
355 4370 471 4413 stantem
485 4376 564 4430 supra
579 4376 608 4413 se
645 4360 794 4414 ASonase
832 4359 862 4412 H
871 4376 997 4430 msupra
1012 4370 1064 4411 ext
1138 4355 1322 4412 22.Raffixus

201 4450 244 4506 23.
265 4438 299 4492 Os
317 4438 386 4493 duae
405 4439 464 4494 alae
485 4440 518 4493 ad

318 4649 334 4704 7
