3142 4875
280 373 324 440 14
674 372 848 423 caouuna
878 373 992 422 Paula

272 604 464 678 stultitiam
493 605 668 680 exaltare.
725 608 779 679 At
813 608 892 704 ipse
924 604 1151 705 pertinacius
1188 607 1393 703 persistens

272 713 396 785 verbis
424 712 500 786 suis
528 712 640 786 fidem
670 713 793 787 iacere
822 713 1017 798 nitebatur,
1040 738 1152 786 orans
1179 713 1326 786 enixius
1355 735 1393 786 et

273 819 481 916 deprecans
509 819 744 893 sacerdotem
787 837 828 892 ut
863 846 949 893 eum
992 846 1120 892 secum
1159 820 1292 893 morari
1322 848 1392 918 pro

273 926 440 998 Domino
469 941 668 1022 pateretur.
725 926 928 1023 Acquievit
956 927 1108 1000 tandem
1136 929 1314 1000 sacerdos
1343 929 1391 1000 de

275 1058 379 1105 mora
408 1031 513 1116 illius,
545 1032 612 1105 sed
640 1033 772 1106 timore
793 1050 991 1130 parentum
1010 1034 1207 1130 pecuniam
1233 1059 1306 1107 non
1337 1060 1390 1107 re·
1424 1055 1437 1117 5

275 1139 392 1236 cepit;
424 1165 537 1235 quarn
556 1165 667 1212 verus
685 1141 927 1236 pecuniarum
957 1156 1193 1236 contemptor
1213 1142 1248 1214 in
1276 1167 1392 1237 quan·

275 1245 360 1317 dam
390 1245 589 1318 fenestram
619 1246 819 1343 proiiciens
847 1247 1004 1344 deipsa
1032 1247 1134 1320 velut
1161 1246 1208 1320 de
1238 1248 1391 1343 pulvere

276 1368 390 1424 curat.
427 1350 613 1449 Cupiebat
627 1352 726 1425 enim
737 1353 930 1451 possidere
945 1354 1177 1450 sapientiam,
1192 1379 1287 1450 quae
1299 1380 1393 1426 auro

275 1457 414 1542 melior,
437 1474 475 1531 et
494 1458 731 1556 prudentiam
760 1460 954 1557 acquirere
982 1485 1079 1556 quae
1109 1459 1307 1556 pretiosior
1336 1477 1394 1534 est

275 1581 444 1660 argento.
1429 1590 1465 1634 ro

322 1938 500 2028 Qualiter
516 1947 632 2033 pater
657 1939 737 2010 eius
747 1948 970 2034 persequens
990 1939 1130 2035 ligavit
1148 1967 1241 2012 eum.
1300 1941 1348 2019 V.

360 2173 415 2221 10.
433 2150 581 2221 Moram
602 2149 715 2247 igitur
735 2152 894 2224 faciente
914 2152 950 2223 in
971 2152 1163 2247 praedicto
1184 2154 1267 2227 loco
1282 2181 1394 2228 servo

273 2258 346 2330 Dei
376 2258 524 2341 excelsi,
564 2272 671 2352 pater
712 2256 792 2330 eius
820 2257 949 2330 circuit
982 2284 1261 2355 usquequaque,
1301 2279 1393 2334 tam·

274 2390 386 2461 quarn
416 2365 567 2436 sedulus
594 2365 820 2460 explorator,
843 2363 939 2438 scire
958 2366 1112 2462 cupiens
1131 2365 1221 2463 quid
1241 2367 1288 2442 de
1319 2367 1393 2441 filio

273 2488 397 2544 actum
425 2471 482 2542 sit.
541 2471 591 2543 Et
618 2472 707 2543 dum
737 2472 981 2545 intellexisset
1008 2498 1094 2545 eum
1128 2474 1165 2545 in
1207 2476 1290 2548 loco
1319 2475 1390 2548 iam
1427 2500 1461 2563 15

273 2578 373 2650 dicto
402 2576 524 2650 taliter
552 2578 774 2662 conversari,
807 2595 928 2652 tactus
956 2578 1086 2652 dolore
1115 2581 1239 2654 cordis
1267 2583 1391 2655 intrin-

273 2710 381 2758 secus
409 2685 456 2757 ad
486 2685 649 2757 subitum
679 2711 801 2757 rerum
820 2703 996 2759 eventum
1016 2687 1187 2759 turbatus
1206 2704 1265 2761 est
1282 2688 1392 2762 valde

273 2792 390 2873 nimis,
415 2792 704 2888 convocatisque
732 2790 861 2865 amicis
889 2817 933 2865 ac
961 2792 1103 2879 vicinis,
1134 2794 1311 2868 citissime
1332 2823 1390 2868 cu-

272 2898 384 2970 currit
403 2900 450 2970 ad
470 2896 602 2981 locum,
621 2897 658 2971 in
678 2924 754 2994 quo
772 2899 845 2971 Dei
867 2897 1025 2971 famulus
1054 2900 1279 2975 morabatur.
1337 2904 1393 2974 At

270 3004 359 3100 ipse,
393 3004 479 3100 quia
510 3029 627 3077 novus
657 3005 794 3078 Christi
824 3006 965 3079 athleta
993 3023 1083 3088 erat,
1120 3032 1205 3079 cum
1243 3008 1392 3082 audiret
1424 3033 1463 3077 ao

271 3110 575 3207 persequentium
605 3111 734 3197 minas,
756 3137 800 3184 ac
819 3138 948 3209 eorum
977 3113 1225 3209 praesentiret
1254 3116 1392 3189 adven·

271 3234 360 3300 tum,
392 3218 482 3290 dare
510 3216 632 3290 locum
662 3219 738 3291 irae
765 3218 907 3302 volens
930 3218 967 3291 in
988 3220 1176 3315 quandam
1206 3222 1392 3296 occultam

272 3348 435 3407 caveam,
469 3349 581 3419 quarn
608 3324 658 3397 ad
687 3326 758 3397 hoc
788 3325 948 3422 ipsemet
975 3342 1183 3422 paraverat,
1216 3354 1256 3401 se
1300 3355 1392 3402 mer·

271 3432 396 3528 gebat.
455 3430 546 3503 Erat
575 3432 683 3504 fovea
702 3430 762 3504 illa
781 3431 819 3504 in
848 3434 973 3518 dom0,
999 3433 1089 3531 [uni]
1122 3449 1267 3507 tantum
1296 3428 1393 3508 forte

271 3536 423 3634 cognita
451 3537 529 3620 soli,
562 3537 598 3610 in
628 3563 702 3634 qua
730 3564 798 3635 per
819 3564 985 3611 mensem
1006 3566 1120 3612 unum
1141 3539 1193 3613 sic
1213 3542 1392 3615 continuo
1422 3566 1458 3631 25

271 3644 437 3727 latitavit,
460 3659 500 3716 ut
524 3645 572 3716 ad
601 3669 752 3717 causam
781 3646 968 3718 humanae
998 3645 1232 3721 necessitatis
1260 3649 1390 3746 egredi

344 3887 364 3924 t.
386 3874 414 3925 ‚ll
430 3872 563 3925 exaltasse
600 3872 648 3926 AS
666 3872 793 3926 insistens
832 3874 856 3927 E
874 3874 1005 3927 exsistens
1081 3890 1142 3945 3-4.
1163 3875 1184 3929 L
1204 3893 1252 3928 om.
1270 3893 1319 3947 pro
1334 3877 1393 3930 Do·

269 3952 344 4005 mino
417 3952 442 4005 8.
461 3951 547 4021 curat]
568 3952 615 4005 AS
626 3953 765 4005 nunciavit
802 3954 847 4007 AS
865 3970 934 4024 quae
954 3964 994 4007 est
1013 3971 1079 4008 auro
1152 3972 1176 4023 9.
1197 3956 1218 4010 R
1237 3958 1392 4028 om.acqui·

270 4031 524 4101 rere-pretiosior]
566 4032 600 4085 Os
620 4032 717 4084 melior
811 4032 894 4087 11.E
911 4051 959 4086 om.
979 4034 1035 4087 eius
1092 4035 1134 4089 Ox
1158 4053 1207 4088 om.
1227 4053 1392 4107 persequens

274 4110 308 4161 W
325 4121 478 4181 persecutus
533 4110 570 4175 E,
593 4111 634 4164 Ox
653 4110 774 4182 alligavit
865 4128 904 4166 12.
925 4114 953 4166 ,tl
979 4113 1006 4166 in
1031 4113 1130 4167 eodem
1219 4131 1259 4185 ¹3·
1283 4116 1317 4167 W
1343 4118 1390 4170 cir-

268 4190 351 4244 cuivit
445 4206 483 4256 14.
504 4190 545 4255 H,
576 4191 610 4245 Os
629 4190 686 4244 filio
704 4207 754 4245 suo
848 4207 887 4258 15.
908 4194 937 4245 ill
961 4209 1024 4245 cum
1118 4192 1158 4249 16.
1178 4194 1208 4248 H
1224 4197 1391 4249 commorari

271 4270 365 4336 17·18.
388 4270 486 4323 Osom.
508 4269 754 4324 turbatus-vicinis
828 4286 872 4327 20.
894 4271 916 4325 R
941 4274 986 4344 qui
1009 4289 1097 4327 novus
1171 4289 1213 4328 21.
1235 4275 1263 4328 H
1282 4292 1391 4347 praesu·

268 4362 353 4401 meret
426 4364 467 4402 22.
487 4350 526 4418 ln]
549 4350 626 4402 Mad
645 4358 667 4403 et
686 4367 734 4404 om.
750 4351 886 4406 occultam
962 4367 1001 4422 23.
1023 4353 1064 4417 H,
1085 4355 1105 4408 R
1125 4353 1234 4408 foveam
1310 4357 1392 4421 aaa

269 4446 316 4481 om.
337 4429 383 4481 uni
421 4431 507 4483 Rom.
527 4428 595 4483 forte
