3142 4875
596 353 701 402 11111111
730 353 915 403 ennucrscr
1239 355 1315 427 403

198 462 458 470 ffl..-ss.-q—.-.
721 464 749 470 -..
946 464 1063 470 -...-.--

196 585 334 660 salutis.
391 588 454 660 Ad
483 587 649 660 debitam
664 587 793 660 sedem
814 602 947 659 cuncta
967 587 1164 671 redierant,
1188 605 1225 662 et
1244 615 1317 661 me·

197 692 296 767 lioris
325 694 580 792 dispositionis
608 719 649 767 se
678 695 756 766 iore
786 719 898 790 quam
926 711 1014 767 ante
1043 720 1169 766 casum
1208 696 1318 769 suerit

195 801 391 874 sentiebat.
450 801 573 874 Vovet
596 800 710 899 igitur
732 827 772 873 se
788 801 939 874 beatum
964 801 1202 874 Franciscum
1224 829 1317 876 sem·

194 933 262 1003 per
291 908 429 981 habere
458 925 666 1007 patronum,
698 925 736 981 et
764 906 953 980 annuatim
986 908 1157 981 festivum
1178 910 1315 983 ducere

147 1038 163 1101 5
195 1014 293 1088 diem
323 1014 413 1087 eius.

281 1145 364 1215 113.
402 1122 443 1195 111
482 1138 605 1195 castro
637 1122 751 1218 Spelli
789 1121 902 1194 homo
939 1124 1089 1219 quidam
1128 1148 1195 1219 per
1223 1124 1317 1197 duos

194 1252 314 1301 annos
342 1246 533 1326 rupturam
562 1230 659 1302 adeo
687 1227 852 1327 graviter
880 1254 1013 1325 passus
1037 1247 1104 1312 est,
1128 1231 1228 1327 quod
1250 1256 1317 1327 per

195 1333 388 1409 inferiores
416 1351 541 1432 partes
569 1352 649 1409 tota
667 1335 864 1409 videbatur
883 1335 1023 1409 ventris
1051 1336 1248 1434 congeries
1267 1338 1316 1410 es-

195 1441 359 1521 fluxisse.
414 1443 500 1516 Non
520 1442 618 1516 enim
639 1468 706 1540 per
736 1468 914 1539 magnum
944 1443 1124 1540 temporis
1152 1445 1313 1540 spatium

127 1571 165 1618 ιο
194 1548 305 1628 fluxa,
323 1551 502 1623 reducere
531 1565 688 1648 poterat,
715 1576 783 1622 nec
804 1550 850 1621 ad
871 1550 992 1622 locum
1022 1550 1212 1647 proprium
1242 1577 1315 1625 me·

194 1655 361 1729 dicorum
390 1656 514 1730 studio
543 1682 729 1730 revocare.
789 1657 945 1753 Propter
966 1658 1066 1753 quod
1095 1658 1316 1754 desperatus

193 1787 216 1835 a
245 1764 408 1844 medicis.
431 1763 479 1836 ad
498 1763 663 1837 divinum
690 1763 866 1837 auxilium
897 1789 937 1837 se
966 1764 1158 1837 convertit.
1219 1765 1314 1837 Cum

194 1868 307 1967 igitur
335 1871 470 1943 devote
500 1871 599 1944 beati
630 1870 817 1944 Francisci
848 1871 978 1943 merita
999 1871 1199 1956 invocaret,
1223 1873 1315 1958 mira

193 1974 382 2050 celeritate
412 1979 526 2051 sracta
545 1978 647 2075 prius
666 1995 704 2051 et
724 1978 955 2051 consolidata
984 1977 1178 2074 persensit,
1197 1996 1235 2051 et
1254 1980 1315 2052 de-

126 2106 162 2172 15
195 2082 325 2157 formia
353 2085 563 2157 reformata.

280 2214 361 2281 114.
394 2192 541 2264 Iuvenis
570 2191 722 2288 quidam
752 2191 903 2265 nomine
931 2191 1127 2274 lohannes,
1166 2192 1202 2265 in
1240 2193 1316 2289 epi·

192 2316 347 2393 scopatu
377 2299 532 2382 Sorano,
556 2298 798 2396 dissipatione
824 2297 1084 2372 intestinorum
1113 2301 1164 2372 ita
1193 2298 1315 2372 laesus

192 2419 283 2489 erat,
315 2422 355 2479 ut
391 2405 498 2479 nullis
535 2404 764 2480 medicorum
805 2405 1113 2479 medicaminibus
1147 2405 1313 2481 adiuvari

192 2529 329 2608 posset.
387 2513 537 2588 Accidit
565 2516 625 2587 die
655 2515 817 2611 quadam
848 2539 1002 2587 uxorem
1032 2515 1084 2587 ire
1112 2516 1160 2587 ad
1185 2541 1312 2612 quam·

120 2639 163 2687 20
191 2618 277 2691 dam
307 2620 503 2694 ecclesiam
533 2620 631 2695 beati
651 2618 852 2694 Francisci.
912 2621 981 2693 Cui
1002 2622 1121 2694 oranti
1149 2648 1218 2718 pro
1246 2623 1313 2695 viri

191 2728 309 2800 salute
325 2726 475 2824 quidam
493 2728 540 2800 de
557 2729 730 2801 iratribus
744 2727 901 2823 simplici
919 2728 1048 2823 spiritu
1063 2728 1173 2801 dixit:
1192 2728 1310 2814 Vade,

190 2832 249 2906 dic
264 2834 345 2908 viro
364 2852 428 2907 tuo
444 2851 484 2907 ut
498 2850 635 2909 voveat
654 2861 694 2908 se
709 2837 822 2908 beato
842 2834 1052 2919 Francisco,
1075 2851 1113 2908 et
1131 2836 1312 2934 ruptionis

191 2939 312 3015 iocum
346 2942 465 3014 crucis
494 2942 688 3040 signacuio
717 2942 854 3041 signet.
911 2942 1019 3037 Quae
1049 2969 1133 3015 cum
1163 2944 1310 3027 rediret,

191 3046 284 3120 haec
303 3048 428 3121 retulit
442 3049 521 3123 viro
536 3075 615 3122 suo.
661 3048 735 3143 Qui
750 3050 863 3122 beato
878 3049 908 3121 F
911 3051 1077 3122 rancisco
1098 3077 1139 3123 se
1158 3076 1309 3135 vovens,

118 3175 160 3242 25
189 3153 364 3228 laesionis
391 3156 513 3229 locum
543 3155 705 3254 signavit
734 3172 771 3228 et
799 3156 974 3229 intestina
993 3156 1041 3229 ad
1062 3158 1212 3255 propria
1231 3156 1313 3231 loca

190 3259 287 3334 illico
316 3262 515 3336 redierunt.
600 3263 758 3336 Miratus
786 3279 844 3335 est
871 3262 927 3335 vir
946 3263 982 3336 in
1007 3263 1233 3337 subitatione
1263 3265 1313 3336 in-

190 3386 363 3465 speratae
398 3371 536 3453 salutis‚
570 3388 607 3443 et
637 3386 758 3442 utrum
796 3387 896 3443 esset
925 3396 1013 3443 vera
1041 3371 1189 3454 sanitas,
1215 3398 1311 3468 quae

189 3475 259 3548 sibi
279 3476 402 3549 subito
421 3476 473 3550 sic
491 3478 623 3560 arrisit,
646 3478 769 3574 coepit
790 3504 857 3574 per
877 3477 991 3550 multa
1006 3476 1184 3550 exercitia
1200 3503 1311 3574 expe-

189 3581 261 3654 riri.
320 3583 453 3656 Eidem
482 3610 573 3658 vero
593 3586 696 3658 febre
714 3601 824 3658 acuta
844 3583 1025 3657 laboranti
1045 3585 1179 3657 beatus
1199 3586 1227 3656 F
1231 3611 1310 3657 ran·

119 3712 161 3778 30
190 3688 309 3761 ciscus
338 3689 374 3763 in
404 3692 544 3765 somnis
572 3691 753 3788 apparuit.
786 3691 983 3788 ipsumque
1012 3715 1151 3763 vocans
1175 3717 1222 3764 ex
1244 3717 1311 3764 no-

189 3795 289 3870 mine
309 3795 420 3870 dixit:
453 3798 537 3872 Noli
562 3798 703 3882 timere,
727 3799 925 3896 Iohannes²
946 3796 1031 3894 quia
1052 3798 1244 3870 sanaberis
1263 3800 1310 3871 ab

190 3902 402 3979 infirmitate
430 3922 503 3979 tua.
576 3904 697 3979 Huius
724 3904 889 3978 miraculi
919 3904 1080 3977 maxima
1109 3904 1201 3977 fides
1231 3905 1307 3987 fuit,

259 4070 320 4141 8-9.
338 4070 583 4142 tota-effluxisse]
609 4072 658 4126 ΡΑ
679 4073 807 4126 intestina
826 4072 916 4124 omnia
928 4071 1080 4125 defluebant
1167 4087 1204 4127 10.
1225 4072 1310 4144 fluxa]

189 4150 237 4203 ΡΑ
258 4168 289 4204 ea
309 4151 381 4204 intus
458 4167 550 4206 10-12.
572 4154 604 4205 ad
624 4152 879 4221 locum-medicis]
900 4152 949 4206 ΡΑ
969 4152 1070 4207 locare.
1111 4154 1256 4225 Propterea
1270 4174 1311 4209 re·

173 4231 317 4297 Ι1111111111
338 4232 462 4285 medicos
482 4246 508 4286 et
528 4233 682 4302 desperatus
702 4233 734 4286 ab
754 4235 793 4286 eis
811 4233 816 4240 “
869 4249 962 4302 12-13.
983 4232 1053 4286 Cum
1076 4234 1167 4304 igitur]
1188 4237 1237 4288 FA
1255 4234 1309 4298 Qui

188 4327 250 4364 cum
327 4327 419 4382 13-15.
440 4316 507 4366 mira
522 4341 538 4355 ·
550 4313 708 4382 reformata]
730 4315 776 4367 ΡΑ
794 4314 883 4367 statim
902 4313 1061 4368 mirabiliter
1076 4328 1186 4369 sanatus
1203 4333 1249 4369 eos
1265 4318 1310 4387 qui

187 4408 249 4444 eum
275 4406 407 4447 noverant
435 4393 466 4445 ad
490 4408 630 4464 stuporem
655 4395 776 4464 perdux't
875 4392 913 4448 16.
938 4393 1084 4464 iohannes]
1111 4396 1159 4449 fn
1180 4395 1310 4449 lonatbas

192 4485 230 4541 19.
251 4472 298 4526 FA
318 4489 431 4539 uxorem
450 4491 528 4526 suam
548 4474 586 4527 ire
661 4489 703 4538 24.
723 4474 853 4527 ABhoc
931 4476 1185 4543 31‚FA10namas
