3142 4875
278 236 349 325 178
649 264 821 313 Leonum
849 265 1015 314 sucorum

268 513 348 570 tum
363 495 581 571 exsistentia
600 494 683 594 plus
701 522 816 594 quam
834 499 1053 596 apparentia
1071 499 1253 597 gaudens.
1302 500 1389 573 Fra·

267 619 325 676 ter
344 602 424 678 eius
444 603 601 677 carnalis
624 629 728 678 more
752 605 870 701 patris
897 605 1018 701 ipsum
1045 606 1169 679 verbis
1194 607 1388 679 venenatis

268 709 485 806 insequitur.
553 712 627 805 Qui
664 736 775 785 mane
811 712 986 808 quodam,
1016 728 1187 810 tempore
1224 712 1386 795 hiemali,

268 817 356 889 dum
377 817 510 890 vilibus
539 834 751 891 contectum
780 818 986 914 panniculis
1010 821 1128 892 cernit
1147 818 1386 893 Franciscum

267 923 426 998 orationi
454 941 650 998 vacantem
680 925 820 1022 frigore
847 926 1144 1010 tremebundum,
1167 926 1218 999 ait
1239 928 1386 999 cuidam
1419 963 1436 1026 5

267 1031 410 1103 concivi
438 1056 507 1104 suo
536 1031 595 1104 ille
623 1057 839 1128 perversus:
870 1031 949 1131 Dic,
972 1034 1182 1117 Francisco‚
1215 1050 1255 1105 ut
1284 1059 1386 1106 num·

267 1154 407 1210 matam
448 1163 560 1210 unam
600 1164 697 1212 nunc
739 1138 805 1211 tibi
837 1138 927 1212 velit
966 1140 1131 1212 vendere
1159 1140 1207 1212 de
1235 1141 1383 1213 sudore.

271 1243 374 1343 [Quo
397 1243 453 1317 vir
480 1244 553 1317 Dei
581 1245 721 1331 audito,
742 1244 971 1320 exhilaratus
999 1247 1108 1319 nimis
1135 1246 1382 1343 subridendo]

267 1352 477 1447 respondit:
508 1352 657 1425 Revera
677 1376 751 1450 ego
780 1351 878 1424 hunc
903 1353 1069 1426 Domino
1089 1379 1175 1427 meo
1194 1353 1384 1427 carissime

264 1457 437 1531 vendam.
495 1458 556 1531 Nil
584 1458 719 1545 verius
743 1483 828 1531 nam
849 1484 922 1532 non
939 1461 1059 1533 solum
1080 1462 1293 1557 centuplum
1315 1461 1383 1534 sed
1420 1497 1462 1543 ιο

265 1563 377 1637 etiam
408 1564 581 1639 millesies
608 1564 807 1662 plurimum
837 1567 873 1638 in
902 1566 971 1641 hac
1000 1565 1082 1640 luce
1110 1566 1262 1664 recepit,
1289 1569 1383 1640 etin

266 1672 389 1744 futuro
418 1697 492 1744 non
522 1671 590 1745 sibi
619 1688 764 1746 tantum
795 1672 861 1746 sed
890 1690 928 1746 et
956 1673 1080 1746 multis
1108 1674 1222 1747 vitam
1259 1674 1383 1771 acqui-

266 1777 350 1850 sivit
378 1794 580 1853 aeternam.

390 2114 467 2209 [De
494 2115 713 2186 verecundia
739 2140 852 2210 quam
881 2115 981 2197 vicit,
1011 2124 1045 2187 et
1064 2114 1263 2211 prophetia

504 2240 718 2326 pauperum
747 2231 974 2327 virginum]
1032 2231 1129 2303 Vlll.
1419 2269 1455 2332 ¹5

349 2459 405 2527 13.
448 2433 583 2507 Studet
622 2433 785 2531 proinde
831 2434 1025 2532 pristinam
1072 2436 1381 2510 consuetudinem

197 2591 199 2596 «
262 2540 458 2615 delicatam
492 2541 623 2614 ordine
656 2566 838 2614 converso
872 2557 1025 2626 mutare,
1061 2559 1100 2615 et
1135 2544 1184 2616 ad
1226 2560 1380 2617 naturae

261 2649 400 2720 bonum
421 2648 494 2721 iam
513 2648 721 2721 lascivitum
750 2649 931 2721 reducere
959 2675 1095 2746 corpus
1123 2673 1241 2722 suum.
1300 2651 1381 2723 lbat

262 2754 323 2826 die
359 2780 432 2827 una
470 2781 538 2852 per
573 2753 760 2827 Assisium
798 2755 911 2828 homo
948 2755 1034 2840 Dei,
1070 2773 1109 2828 ut
1151 2757 1381 2830 mendicaret

261 2861 385 2934 oleum
401 2862 449 2935 ad
463 2862 658 2935 luminaria
674 2862 933 2936 concinnanda
948 2861 983 2936 in
1000 2863 1157 2936 ecclesia
1167 2862 1294 2936 Sancti
1305 2864 1379 2937 Da·
1409 2901 1453 2946 20

262 2968 385 3052 miani,
421 2995 533 3065 quam
566 2985 654 3041 tunc
687 2969 867 3067 temporis
900 2970 1107 3066 reparabat.
1171 2970 1221 3043 Et
1247 2970 1379 3043 videns

262 3075 453 3148 hominum
483 3074 757 3148 multitudinem
785 3075 991 3149 ludentium
1011 3092 1099 3150 ante
1121 3077 1274 3150 domum
1293 3103 1379 3150 con-

260 3182 391 3255 sistere
420 3208 533 3279 quam
575 3183 713 3256 intrare
754 3184 913 3268 volebat,
953 3184 1091 3256 rubore
1118 3185 1288 3281 perfusus
1323 3209 1378 3258 re·

224 3319 227 3324 ·
259 3289 372 3363 traxit
400 3280 547 3387 pedem.
606 3289 682 3363 Sed
711 3288 772 3362 illo
796 3315 864 3363 suo
884 3289 997 3363 nobili
1026 3289 1155 3386 spiritu
1176 3290 1213 3362 in
1234 3292 1376 3364 caelum

260 3396 413 3476 directo,
444 3396 632 3493 propriam
661 3396 843 3470 desidiam
871 3396 996 3496 arguit
1023 3412 1061 3470 et
1089 3398 1137 3471 de
1175 3396 1377 3492 semetipso
1407 3433 1448 3498 25

259 3504 372 3576 sumit
409 3503 596 3581 iudicium.
653 3503 867 3576 Revertitur
908 3504 1032 3577 statim
1060 3505 1109 3578 ad
1138 3505 1301 3589 domum,
1339 3521 1377 3576 et

258 3608 375 3684 libera
402 3636 495 3683 voce
524 3635 650 3682 coram
679 3610 852 3683 omnibus
870 3610 1119 3684 verecundiae
1148 3636 1298 3684 causam
1315 3636 1377 3682 ex-

259 3742 415 3814 ponens²
433 3716 537 3813 quasi
554 3715 683 3814 spiritu
704 3717 829 3790 ebrius
848 3716 976 3815 lingua
994 3716 1129 3815 gallica
1144 3718 1237 3813 petit
1252 3716 1377 3789 oleum

258 3840 296 3896 et
324 3824 491 3921 acquirit.
550 3823 840 3897 Ferventissime
869 3826 917 3898 ad
945 3851 1040 3920 opus
1069 3824 1163 3897 illius
1195 3823 1376 3899 ecclesiae

258 3931 398 4004 animat
418 3956 559 4016 omnes,
576 3947 615 4003 et
634 3929 902 4003 monasterium
921 3932 1110 4030 [futurum]
1134 3955 1218 4003 esse
1237 3930 1376 4003 ibidem
1408 3966 1449 4031 30

259 4056 469 4111 sanctarum
516 4036 704 4135 virginum
751 4038 889 4110 Christi
944 4038 1181 4111 audientibus
1234 4036 1377 4110 cunctis

332 4255 355 4293 2.
368 4240 588 4310 ipsum].leum
646 4254 667 4304 ς.
682 4239 706 4291 Α
720 4252 747 4291 et
759 4240 796 4293 ait
851 4238 1255 4302 8.Aorr1.Quo-subridendo
1309 4241 1377 4310 9..l1

259 4317 330 4370 hane
404 4321 541 4387 23-24.M
560 4319 670 4373 retrahit
743 4321 784 4373 28.
805 4321 829 4372 A
849 4321 925 4389 petiit
998 4337 1037 4389 30.
1057 4321 1081 4372 A
1102 4338 1150 4373 om.
1169 4319 1289 4372 futurum
