3142 4875
639 369 742 416 BEA'l‘l
771 369 955 417 Frtaxt'lscl

675 697 722 761 De
746 696 918 763 obedientia.

241 837 308 904 Sub
331 836 391 905 hoc
410 838 502 904 titulo
524 838 704 905 continetur
722 838 809 925 quod
829 858 957 906 sanctus
977 840 1163 907 Franciscus
1183 838 1259 906 dum
1281 840 1359 906 vixit

308 966 432 1031 semper
456 944 669 1031 guardianum
693 943 866 1031 praelatum
891 944 1010 1012 habuit.
1036 966 1055 1010 r.
1081 944 1177 1035 (Cap.
1204 945 1308 1035 CXI).

243 1049 389 1129 Qualiter
406 1073 518 1117 verum
537 1050 739 1116 obedientem
758 1050 920 1139 descripsit
938 1071 970 1118 et
985 1051 1025 1118 de
1044 1051 1141 1119 tribus
1158 1050 1358 1118 obedientiis.

308 1179 341 1224 11.
362 1158 457 1248 (Cap.
480 1157 600 1249 CXII).

247 1264 348 1348 Quod
376 1288 442 1332 non
468 1285 516 1331 est
540 1265 578 1331 de
608 1266 669 1332 levi
698 1288 753 1352 per
776 1264 993 1332 obedientiam
1020 1267 1287 1354 praecipiendum.
1313 1287 1359 1334 111.

308 1370 403 1460 (Cap.
426 1370 563 1461 CXIII).

241 1481 291 1546 De
310 1477 412 1561 fratre,
436 1481 526 1547 cuius
547 1480 679 1564 proiecit
698 1478 730 1545 in
750 1479 826 1567 igne
846 1481 1018 1566 caputium.
1039 1480 1134 1569 (Cap.
1158 1478 1289 1570 CXIV).

330 1647 376 1713 De
393 1648 449 1712 biis
465 1649 518 1735 pai
534 1647 642 1712 bonum
656 1647 705 1712 uel
720 1648 833 1713 arulum
847 1648 1010 1737 exemplum
1022 1649 1091 1715 aliis
1106 1661 1270 1736 praestant.

170 1807 212 1853 10
243 1789 308 1856 Sub
339 1790 400 1855 hoc
427 1789 518 1855 titulo
547 1791 677 1877 ponitur
703 1789 869 1856 cuiusdam
898 1789 999 1857 fratris
1026 1788 1148 1856 bonum
1176 1791 1360 1879 exemplum

309 1896 426 1977 dantis;
452 1894 492 1961 de
517 1919 607 1962 more
632 1895 762 1962 fratrum
795 1898 1002 1984 antiquorum
1033 1897 1065 1962 in
1099 1895 1161 1964 hoc
1192 1899 1308 1983 ipsum,
1332 1915 1364 1964 et

310 2003 586 2070 benedictionibus
611 2005 721 2070 sancti.
747 2024 757 2068 1
781 2005 991 2091 paragrapho,
1016 2004 1111 2093 (Cap.
1139 2004 1254 2095 CXV).

245 2113 294 2177 De
318 2109 509 2198 quibusdam
546 2110 666 2176 malum
692 2110 877 2197 exemplum
903 2110 1060 2192 dantibus,
1077 2132 1108 2177 et
1139 2111 1364 2180 maledictione

309 2219 410 2284 sancti
435 2219 468 2284 in
491 2219 589 2304 ipsos,
607 2237 639 2283 et
662 2240 759 2305 quam
785 2219 973 2305 gravissime
997 2220 1053 2284 ista
1081 2238 1209 2284 sanctus
1233 2218 1363 2287 serebat.

172 2342 211 2405 15
308 2345 341 2390 11.
367 2323 462 2414 (Cap.
490 2323 623 2415 CXVI).

243 2434 292 2499 De
305 2432 501 2499 revelatione
513 2433 613 2499 sancti
631 2457 648 2500 a
665 2434 739 2500 Deo
751 2429 833 2499 facta
847 2431 886 2500 de
899 2452 982 2499 statu
996 2384 1127 2500 ordinis.
1142 2431 1195 2522 (C.
1211 2432 1362 2524 CXVII).

609 2604 723 2671 Contra
738 2606 829 2670 otium
845 2617 871 2669 at
884 2606 997 2670 otiosos.

244 2745 310 2814 Sub
331 2746 392 2813 hoc
410 2746 502 2813 titulo
520 2747 650 2834 ponitur
664 2745 815 2813 revelatio
829 2745 867 2811 ad
884 2765 1029 2812 sanctum
1047 2744 1128 2813 facta
1140 2744 1270 2833 quando
1283 2765 1365 2814 esset

309 2877 420 2920 servus
438 2855 500 2920 Dei
521 2854 571 2918 vel
589 2876 665 2919 non.
684 2874 694 2920 1
710 2852 917 2940 paragrapho.
936 2853 1032 2941 (Cap.
1051 2853 1219 2943 CXVIII).
1295 2852 1297 2856 ’

168 2983 213 3030 20
244 2961 367 3026 Contra
384 2962 488 3027 otiosa
506 2960 682 3047 loquentes.
700 2981 733 3026 rr.
751 2959 847 3051 (Cup.
867 2959 999 3050 CXIX).

247 3064 395 3143 Qualiter
412 3067 479 3153 ipse
496 3065 643 3132 laborans
660 3068 782 3133 otiosos
800 3065 935 3132 odiebat.
954 3087 998 3132 111.
1017 3066 1112 3156 (Cap.
1132 3065 1249 3156 CXX).

247 3173 440 3240 lamentum
457 3172 495 3239 ad
513 3175 621 3239 Deum
639 3174 677 3240 de
694 3175 806 3239 otiosis
822 3192 853 3239 et
869 3173 1000 3260 gulosis.
1020 3173 1115 3261 (Cup.
1133 3174 1265 3262 CXXI).

609 3343 656 3408 Da
673 3345 815 3407 ministris
830 3342 914 3408 verbi
929 3342 999 3407 Dei.

245 3485 311 3553 Sub
327 3486 390 3553 hoc
414 3485 507 3553 titulo
525 3487 707 3552 continetur
727 3486 828 3573 qualis
844 3485 958 3551 debeat
974 3509 1042 3551 esse
1067 3484 1264 3572 praedicator
1279 3505 1310 3552 et
1326 3485 1366 3553 de

170 3615 214 3679 25
312 3591 467 3680 dignitate
483 3593 589 3680 ipsius.
608 3614 617 3658 1
635 3592 843 3680 paragrapho.
861 3593 956 3681 (Cap.
975 3592 1123 3681 CXXII).

246 3700 368 3768 Contra
391 3722 491 3765 vanae
511 3698 632 3788 gloriae
652 3701 844 3787 appetitores
864 3719 895 3765 et
912 3698 950 3764 de
970 3700 1168 3786 expositione
1187 3698 1365 3786 prophetici

312 3806 410 3872 verbi.
428 3806 523 3896 (Cap.
543 3806 710 3895 CXXIII).

465 3976 513 4042 Dr
529 3976 769 4064 corrtemplalitma
787 3976 937 4042 Crantoris
955 3977 983 4040 in
1000 3976 1151 4040 creaturis.

245 4117 312 4186 Sub
329 4118 392 4184 hoc
408 4118 501 4185 titulo
526 4121 708 4184 continetur
733 4119 833 4184 sancti
860 4140 950 4182 amor
971 4115 1009 4183 ad
1030 4115 1194 4181 sensibiles
1210 4133 1240 4181 et
1261 4116 1367 4181 insen·

171 4247 214 4314 30
312 4224 419 4290 sibiles
436 4244 605 4292 creaturas.
623 4247 631 4287 1
649 4225 858 4312 paragrapho
877 4224 973 4312 (Cap.
993 4222 1156 4311 CXXIV).

319 4434 413 4490 29-30.
434 4424 454 4478 R
473 4421 617 4474 invisibiles
