3142 4875
4 3444 9 3523 l

607 349 711 400 BEATI
739 349 925 400 FRANCISCI

555 692 625 765 De
667 691 975 765 obedientia.

380 905 508 1003 [Quod
530 916 674 1002 semper
697 906 737 979 ob
765 932 891 979 veram
919 906 1160 979 obedientiam

466 1020 601 1094 habuit
622 1022 915 1120 guardz'onuml.
974 1021 1074 1132 CXI.

297 1255 380 1326 151.
421 1232 472 1306 Ut
512 1232 679 1329 pluribus
713 1232 918 1307 lucraretur
954 1234 1075 1307 modis
1116 1234 1330 1332 negotiator

162 1362 180 1427 5
212 1341 281 1414 iste
310 1339 554 1424 cautissimus,
571 1366 615 1414 ac
636 1356 754 1413 totum
774 1367 953 1437 praesens
972 1356 1121 1439 tempus
1150 1342 1329 1415 conflaret

211 1448 247 1521 in
276 1449 460 1532 meritum,
486 1448 599 1520 irenis
627 1446 865 1520 obedientiae
893 1447 956 1546 agi
983 1448 1110 1535 voluit,
1141 1464 1179 1521 et
1205 1450 1328 1521 alieno

212 1552 383 1653 regimini
412 1554 631 1627 submittere
650 1554 903 1651 semetipsum.
961 1553 1154 1651 Siquidem
1174 1581 1248 1629 non
1269 1581 1330 1627 so-

211 1664 287 1736 lum
324 1660 492 1759 generali
527 1660 651 1734 officio
679 1662 893 1757 resignavit,
925 1662 992 1735 sed
1021 1677 1174 1758 propter
1211 1661 1330 1734 maius

211 1768 449 1842 obedientiae
477 1769 616 1840 bonum
646 1769 894 1865 guardianum
914 1769 1141 1866 singularem
1162 1768 1326 1866 expetiit,

144 1897 183 1942 10
212 1902 324 1973 quem
353 1874 563 1971 specialiter
583 1875 722 1948 coleret
751 1875 787 1946 in
817 1875 1036 1972 praelatum.
1094 1874 1202 1947 Dixit
1230 1875 1328 1948 enim

212 1983 313 2056 fratri
343 1983 453 2054 Petro
483 1980 666 2067 Cathanii,
697 1980 755 2054 cui
784 1981 929 2078 pridem
964 1980 1215 2054 obedientiam
1246 2006 1330 2054 san-

213 2108 310 2162 ctam
339 2089 575 2186 promiserat:
607 2088 720 2186 Rogo
749 2103 796 2173 te,
820 2105 974 2184 propter
992 2089 1129 2173 Deum,
1152 2105 1192 2159 ut
1211 2087 1329 2160 vicem

213 2215 314 2269 tuam
344 2195 392 2268 de
421 2220 482 2267 me
501 2194 563 2267 uni
584 2196 631 2268 de
660 2194 770 2267 sociis
800 2195 892 2267 meis
913 2194 1133 2279 committas
1157 2195 1214 2267 cui
1235 2195 1330 2267 sicut

212 2302 279 2376 tibi
308 2303 466 2375 devotus
486 2301 671 2374 obediam.
728 2300 826 2385 Scio,
849 2300 977 2398 inquit,
1001 2301 1236 2374 obedientiae
1257 2303 1331 2373 lru·

146 2427 182 2493 15
213 2427 323 2492 ctum,
346 2424 385 2482 et
403 2409 504 2506 quod
534 2407 621 2481 nihil
651 2424 817 2482 transeat
844 2408 1024 2506 temporis
1043 2407 1123 2482 sine
1145 2410 1247 2481 lucro
1266 2407 1329 2504 qui

212 2518 364 2592 alterius
392 2518 482 2615 iugo
511 2516 605 2589 colla
633 2516 856 2588 submiserit.
914 2515 1092 2589 Admissa
1121 2515 1235 2612 igitur
1263 2541 1331 2587 sua

214 2624 397 2707 instantia,
431 2649 549 2720 usque
584 2624 632 2696 ad
673 2640 831 2696 mortem
869 2622 1038 2696 subditus
1078 2623 1215 2719 ubique
1251 2648 1331 2718 per-

215 2731 358 2813 mansit,
381 2731 589 2829 guardiano
617 2730 768 2828 proprio
788 2755 938 2827 semper
957 2747 1171 2803 reverenter
1190 2730 1331 2802 obtem·

214 2863 360 2936 perans.
417 2838 525 2910 Dixit
551 2853 676 2911 autem
697 2838 859 2933 quadam
879 2837 961 2909 vice
989 2837 1100 2909 sociis
1119 2837 1209 2909 suis:
1232 2837 1332 2908 Inter

143 2961 185 3008 20
213 2944 285 3019 alia
322 2970 417 3040 quae
457 2945 658 3042 dignanter
685 2945 806 3040 pietas
845 2941 933 3015 mihi
971 2943 1096 3016 divina
1133 2942 1328 3027 concessit,

215 3053 310 3124 hanc
347 3050 505 3148 gratiam
544 3050 699 3123 contulit
730 3052 832 3146 quod
867 3051 918 3123 ita
954 3050 1154 3147 diligenter
1191 3049 1332 3122 novitio

215 3157 323 3231 unius
352 3158 465 3230 horae
499 3158 701 3240 obedirem,
734 3158 763 3230 si
796 3157 882 3229 mihi
911 3157 1140 3254 guardianus
1169 3158 1329 3239 daretur,

215 3266 310 3338 sicut
332 3264 599 3361 antiquissimo,
622 3264 680 3335 vel
710 3263 975 3336 discretissimo
995 3264 1178 3361 cuiquam.
1237 3264 1333 3336 Sub-

216 3374 323 3457 ditus‚
349 3370 514 3468 [inquit]‚
535 3370 741 3468 praelatum
770 3396 879 3442 suum
909 3396 982 3442 non
1006 3371 1195 3443 hominem
1216 3371 1334 3443 consi-

146 3493 185 3559 25
215 3481 345 3552 derare
374 3479 498 3562 debet,
520 3478 586 3550 sed
616 3476 716 3550 illum
745 3503 814 3574 pro
842 3478 946 3550 cuius
975 3494 1031 3550 est
1059 3503 1187 3551 amore
1212 3479 1334 3550 subie-

217 3602 307 3659 ctus.
357 3585 510 3679 Quanto
529 3601 654 3656 autem
675 3584 989 3680 contemptibilior
1007 3585 1206 3682 praesidet,
1229 3601 1334 3656 tanto

217 3691 426 3766 obedientis
453 3691 641 3764 humilitas
670 3691 791 3789 magis
819 3691 953 3788 placet.

291 3945 312 3982 1.
333 3927 365 3978 M
382 3945 430 3981 om.
450 3927 493 3979 De
512 3927 664 3981 obedientia
745 3941 784 3979 12.
805 3928 834 3979 ll
853 3926 1005 3978 Dominum
1087 3942 1125 3993 13.
1148 3925 1203 3994 cui]
1226 3926 1255 3978 M
1273 3927 1336 3996 qula

219 4025 259 4078 ²3·
282 4008 314 4060 M
331 4007 518 4077 antiquissimo
538 4006 582 4060 vel
600 4007 788 4075 antiquissimo
863 4021 904 4069 24.
924 4006 1023 4075 inquit]
1045 4006 1069 4058 Α
1090 4006 1200 4075 quidem
