3142 4875
552 390 659 440 ΒΕΑἹῚ
687 390 873 440 FRANCISCI

150 628 364 701 confortans
390 628 630 724 amplexatus
657 642 715 701 est
742 652 829 700 eum
858 625 894 699 in
923 624 1128 699 visceribus
1157 625 1272 700 chari·

149 735 242 807 tatis.
300 735 406 807 Ecce
425 734 499 808 iam
524 734 646 807 nudus
665 760 749 807 cum
770 735 872 806 nudo
901 733 1071 819 luctatur,
1102 747 1140 805 et
1160 733 1272 830 depo·

150 840 226 915 sitis
240 842 420 915 omnibus
440 858 643 938 quaesunt
663 840 802 923 mundi,
815 840 930 913 solius
944 839 1093 914 divinae
1112 838 1273 915 iustitiae

149 964 388 1022 memoratur.
429 948 566 1022 Studet
602 947 676 1021 iam
713 947 766 1020 sic
803 946 992 1044 propriam
1030 963 1272 1021 contemnere

109 1079 126 1146 5
149 1055 269 1140 vitam,
301 1081 458 1130 omnem
481 1081 550 1154 pro
578 1056 640 1129 iila
658 1053 945 1127 sollicitudinem
975 1054 1211 1151 deponendo,
1234 1070 1275 1127 ut

149 1161 214 1234 sibi
234 1163 395 1260 pauperi
416 1188 491 1260 pax
519 1178 620 1235 esset
639 1161 675 1234 in
696 1162 852 1234 obsessa
871 1160 940 1243 via,
972 1177 1011 1234 et
1031 1160 1131 1233 solus
1151 1162 1273 1235 carnis

149 1269 268 1365 paries
297 1271 477 1367 ipsum‘a
505 1267 629 1342 divina
657 1268 800 1341 visione
829 1267 977 1341 interim
1005 1283 1207 1365 separaret.

582 1455 848 1462 ...---..-...--—-—-

186 1641 367 1732 Qualiter
383 1667 409 1713 a
428 1640 637 1713 latronibus
654 1651 781 1736 captus
795 1642 1077 1738 proz‘ectmsuit
1095 1641 1135 1713 in
1157 1643 1242 1714 nive

347 1766 382 1829 et
400 1756 572 1852 quomodo
589 1756 747 1828 servivit
766 1755 929 1852 leprosis.
996 1756 1076 1829 VII.
1161 1765 1166 1774 '

96 1961 128 2006 10
231 1949 287 2016 16.
319 1944 398 2015 Iam
414 1943 513 2015 enim
529 1968 613 2015 cum
629 1942 869 2015 semicinctiis
885 1942 1073 2016 involutus
1083 1960 1273 2041 pergeret,

152 2050 209 2147 qui
237 2050 437 2147 quondam
457 2048 684 2122 scaruiatieis
713 2051 897 2133 utebatur,
929 2067 967 2123 et
986 2076 1054 2147 per
1074 2051 1275 2146 quamdam

153 2157 277 2232 silvam
300 2156 432 2231 laudes
451 2154 618 2229 Domino
641 2157 770 2254 lingua
799 2155 1017 2255 francigena
1045 2157 1272 2240 decantaret,

85 2353 93 2370 Ι
152 2265 317 2338 latrones
346 2289 460 2359 super
493 2288 580 2337 eum
608 2262 732 2336 subito
761 2263 955 2336 irruerunt.
995 2263 1143 2359 Quibus
1170 2265 1274 2338 ferali

154 2371 272 2446 animo
312 2396 399 2445 eum
432 2370 515 2467 quis
547 2387 649 2445 esset
681 2370 1009 2469 interrogantibus,
1043 2371 1275 2447 confidenter

99 2480 206 2558 uvir
231 2478 310 2552 Dei
340 2478 453 2576 plena
484 2502 578 2551 voce
611 2478 805 2575 respondit
835 2479 983 2552 dicens:
1019 2480 1160 2554 Praeco
1192 2507 1274 2553 sum

155 2588 280 2686 magui
302 2586 434 2683 Regis,
455 2584 545 2681 quid
564 2586 612 2658 ad
632 2584 724 2658 vos?
780 2587 835 2658 At
848 2585 897 2659 illi
917 2585 1170 2682 percutientes
1189 2614 1274 2661 eum

155 2693 189 2765 in
224 2695 381 2766 defosso
419 2691 501 2764 loco
534 2692 646 2789 pleno
679 2693 828 2790 magnis
862 2693 1006 2765 nivibus
1038 2694 1277 2790 proiecerunt

156 2799 342 2874 dicentes:
372 2799 466 2882 lace,
490 2800 625 2872 rustice
645 2824 783 2895 praeco
803 2799 895 2871 Dei!
927 2801 1009 2897 Ipse
1028 2826 1119 2873 vero
1143 2827 1184 2873 se
1204 2801 1276 2874 huc

156 2924 264 3004 atque
281 2906 368 2980 illuc
384 2906 589 2987 revolvens,
609 2906 693 2979 nive
713 2932 736 2979 a
755 2931 796 2979 se
815 2905 992 2987 discussa,
1011 2906 1081 2980 illis
1100 2909 1277 2981 receden-

97 3028 132 3076 20
156 3015 260 3097 tibus,
289 3015 338 3085 de
362 3012 470 3086 fovea
488 3012 658 3098 exsilivit,
675 3030 713 3086 et
732 3039 871 3109 magno
886 3014 1114 3087 exhilaratus
1136 3015 1276 3112 gaudio

149 3122 277 3219 ‚coepit
296 3119 373 3193 alta
392 3145 485 3193 voce
505 3146 571 3216 per
593 3145 746 3193 nemora
765 3121 895 3193 laudes
921 3120 1089 3193 Creatori
1110 3122 1276 3194 omnium

157 3253 369 3324 personare.
427 3226 599 3299 Tandem
628 3228 676 3299 ad
705 3227 896 3323 quoddam
926 3226 1126 3301 claustrum
1152 3255 1277 3301 mona·

158 3335 309 3408 chorum
338 3332 505 3417 veniens,
536 3332 748 3431 perplures
776 3334 911 3406 diesin
933 3334 1011 3407 sola
1030 3335 1092 3407 vili
1112 3335 1273 3420 camisia,

159 3444 259 3537 quasi
271 3441 402 3538 garcio
413 3440 448 3512 in
460 3441 824 3537 coquinaexsistens,
838 3441 1011 3537 cupiebat
1021 3441 1079 3515 vel
1088 3444 1135 3514 de
1145 3442 1277 3515 brodio

98 3562 131 3627 25
158 3549 324 3622 saturari.
368 3546 510 3620 Verum
539 3573 634 3631 cum,
667 3547 767 3620 omui
803 3548 1040 3622 miseratione
1073 3550 1273 3633 subtracta,

159 3657 296 3730 nullum
325 3671 454 3752 posset
481 3653 541 3728 vel
568 3671 755 3727 vetustum
784 3656 978 3752 acquirere
1006 3656 1274 3740 indumentum,

160 3786 227 3837 non
249 3780 376 3836 motus
403 3760 467 3845 ira,
490 3762 557 3834 sed
578 3762 801 3835 necessitate
822 3778 983 3847 coactus
1017 3763 1102 3835 inde
1126 3789 1263 3860 progre

224 3977 249 4030 6,
265 3974 400 4030 Ossolius
472 3989 496 4043 7.
510 3973 629 4043 interim]
645 3974 784 4027 Miterum
859 3974 1093 4044 8.Hom.captus
1167 3975 1278 4040 8-o.Os

160 4068 247 4127 captus
262 4066 304 4108 est
317 4067 343 4106 et
356 4055 382 4106 in
397 4053 487 4106 nivem
502 4053 670 4124 proiecerunt
679 4061 703 4107 et
712 4071 760 4108 om.
773 4067 800 4107 et
814 4070 905 4123 quom.
916 4071 983 4107 serv.
996 4055 1061 4123 lepr.
1126 4070 1165 4108 ro.
1178 4055 1277 4107 PNam

158 4135 245 4190 Hom.
260 4134 400 4188 involutus
475 4132 710 4202 11.scarula11cis]
729 4134 897 4188 Asclavans
952 4133 1141 4186 Hscnrlnticis
1199 4136 1278 4188 Reu-

159 4216 274 4270 rulaticis
352 4228 392 4281 13.
410 4213 445 4267 Or
459 4231 508 4266 om.
524 4213 612 4266 subito
689 4230 782 4283 14-15.
796 4213 824 4266 H
836 4212 1001 4267 confidenter
1017 4214 1051 4284 pl.
1066 4231 1126 4267 voc.
1141 4216 1277 4284 respondit

160 4296 232 4351 eisd.
310 4293 349 4347 18.
366 4292 400 4348 Os
413 4309 442 4346 se
455 4293 488 4345 ad
502 4294 555 4347 huc
628 4294 837 4357 19.Hom.illis
911 4308 952 4347 20.
969 4295 1002 4348 Os
1017 4294 1089 4346 fossa
1164 4296 1277 4359 ΖΗΕ,

160 4375 353 4447 Epersolvere
425 4375 490 4445 Bq.
508 4391 615 4427 sacrun
638 4374 785 4427 claustrum
879 4389 919 4441 23·
940 4375 980 4438 H,
1003 4376 1052 4438 Os,
1079 4374 1112 4426 W
1131 4388 1156 4426 et
1178 4391 1224 4444 per
1243 4376 1279 4445 pl.

162 4470 198 4523 24
217 4458 331 4513 ASom.
351 4456 429 4527 quasi
501 4472 542 4525 25.
562 4458 747 4512 ASsubtecta
822 4454 863 4509 26.
884 4456 911 4509 H
929 4457 1037 4509 omuel
1085 4526 1087 4531 Ι
