3142 4875
575 387 688 437 BEATI
715 387 909 438 FRANClSCl

158 496 546 506 ——--—-—.

165 781 240 854 Ad
269 780 475 854 laudem
506 797 554 854 et
595 781 793 879 gloriam
821 780 909 854 Dei
951 782 1304 879 omnipotentis

251 887 433 970 Patris,
485 905 534 961 et
575 887 701 971 Filii,
751 904 803 960 et
848 887 1066 984 Spiritus
1123 888 1301 962 sancti.

253 994 425 1067 Arnen.
487 993 666 1090 Incipit
694 993 792 1067 vita
833 994 1107 1068 beatissimi
1151 994 1304 1092 patris

256 1101 414 1174 nostri
444 1099 712 1174 Francisci.

370 1287 550 1378 Qualiter
573 1298 807 1360 conversatus
833 1289 886 1359 sit
915 1289 957 1359 in
984 1287 1117 1360 habitu

502 1404 537 1466 et
552 1394 680 1467 animo
697 1394 895 1466 saeculari.
954 1393 980 1465 l.

264 1602 294 1650 1.
326 1577 395 1649 Vir
421 1593 503 1650 erat
542 1575 580 1649 in
622 1575 771 1650 civitate
800 1576 945 1661 Assisii,
977 1602 1075 1673 quae
1102 1575 1138 1649 in
1168 1576 1303 1650 finibus

176 1682 284 1757 vallis
313 1682 540 1781 Spoletanae
568 1683 639 1758 sita
667 1699 735 1766 est,
762 1684 917 1756 nomine
943 1683 1174 1765 Franciscus,
1198 1682 1302 1779 quia

178 1790 373 1887 primaevo
392 1789 526 1864 aetatis
545 1816 636 1866 suae
655 1814 756 1863 anno
785 1816 807 1863 a
835 1790 1062 1887 parentibus,
1094 1790 1301 1863 secundum

115 1931 152 1976 10
178 1896 318 1971 saeculi
348 1896 562 1981 vanitatem,
585 1897 744 1970 nutritus
764 1913 822 1971 est
842 1897 1054 1980 insolenter,
1078 1912 1115 1969 et
1136 1896 1300 1992 ipsorum

179 2004 356 2077 miseram
384 2003 498 2076 vitam
528 2003 590 2088 diu
620 2002 784 2076 imitatus
812 2020 851 2076 et
879 2029 1012 2087 mores,
1049 2002 1179 2075 vanior
1222 2001 1302 2099 ipse

178 2125 293 2207 atque
322 2108 539 2183 insolentior
567 2126 624 2184 est
653 2109 817 2183 effectus.
878 2112 1013 2205 [Vana
1031 2110 1200 2182 doctrina
1211 2119 1301 2205 pue·

179 2220 340 2312 rorum]
398 2217 588 2311 Quoniam
617 2217 710 2290 haec
745 2216 910 2314 pessima
937 2217 1171 2290 consuetudo
1199 2216 1300 2311 apud

179 2348 255 2407 eos,
288 2322 350 2422 qui
380 2323 582 2397 christiano
615 2339 817 2397 censentur
859 2324 1020 2410 nomine,
1050 2323 1105 2395 sic
1135 2320 1299 2418 undique

112 2468 146 2533 15
179 2428 341 2516 inolevit,
364 2447 402 2504 et
430 2428 640 2528 perniciosa
667 2428 837 2505 doctrina
870 2430 963 2505 baec
992 2431 1093 2504 velut
1121 2428 1206 2529 lege
1234 2457 1299 2527 pu-

177 2536 274 2611 blica
303 2537 354 2611 ita
382 2539 521 2634 ubique
550 2537 695 2611 firmata
736 2555 794 2611 est
835 2554 874 2611 et
911 2537 1152 2636 praescripta,
1184 2552 1223 2610 ut
1251 2538 1298 2610 ab

179 2643 268 2740 ipsis
296 2643 490 2718 cunabulis
517 2644 672 2718 remisse
702 2644 811 2718 nimis
838 2662 876 2718 et
891 2645 1071 2718 dissolute
1090 2643 1184 2717 filios
1211 2640 1299 2716 suos

178 2751 353 2825 studeant
368 2751 542 2825 educare.
564 2805 571 2817 .
591 2751 715 2824 Primo
731 2776 893 2849 namque
909 2778 993 2824 cum
1009 2751 1086 2835 lari,
1100 2752 1159 2824 vel
1174 2749 1298 2823 balbu-

178 2856 246 2931 tire
276 2857 465 2955 incipiunt,
488 2858 610 2955 turpia
628 2859 815 2955 quaedam
838 2875 876 2933 et
904 2859 1148 2932 exsecrabilia
1177 2855 1295 2941 valde,

113 2999 152 3045 20
178 2962 295 3062 signis
322 2980 360 3038 et
388 2965 543 3038 vocibus
579 2966 786 3039 edocentur
822 2964 966 3062 pueruli
1004 2965 1169 3038 nondum
1201 2962 1294 3036 nati:

178 3092 216 3143 et
243 3096 328 3144 cum
357 3088 506 3168 tempus
525 3071 784 3145 ablactationis
804 3072 981 3155 evenerit,
1001 3071 1187 3168 quaedam
1207 3070 1296 3142 luxu

178 3193 215 3250 et
242 3177 394 3251 lascivia
421 3179 533 3275 plena
561 3203 635 3252 non
664 3177 783 3251 solum
814 3179 891 3263 lari,
923 3179 990 3251 sed
1011 3194 1049 3251 et
1067 3174 1214 3275 operari
1238 3201 1296 3249 co-

178 3301 327 3381 guntur.
384 3285 471 3357 Non
500 3284 614 3358 audet
641 3284 774 3383 aliquis
813 3284 968 3369 illorum,
1000 3286 1134 3358 aetatis
1163 3282 1296 3356 timore

177 3407 337 3474 coactus,
371 3391 529 3464 honeste
556 3417 598 3465 se
626 3417 770 3491 gerere,
801 3393 979 3489 quoniam
1008 3418 1057 3466 ex
1094 3392 1166 3464 hoc
1195 3390 1297 3462 duris

110 3534 147 3602 ²5
178 3497 377 3594 [subiacet]
399 3497 615 3595 disciplinis,
653 3499 742 3572 ldeo
761 3500 859 3572 bene
879 3500 930 3571 ait
944 3497 1144 3573 saecularis
1163 3503 1293 3594 po'e‘ta:

245 3740 303 3794 1-3.
317 3725 375 3791 AS,
394 3725 432 3789 E,
451 3725 486 3779 Os
498 3741 547 3778 om.
560 3726 603 3779 Ad
617 3725 752 3781 laudem·
765 3731 855 3782 Amen
931 3743 952 3796 3.
969 3728 1011 3791 H,
1029 3727 1083 3791 Ox,
1101 3726 1121 3778 R
1139 3743 1187 3778 orn.
1205 3726 1294 3776 Amen

176 3820 232 3873 3·4.
252 3805 300 3858 As
318 3805 413 3876 Incipit
428 3806 484 3858 vita
503 3804 590 3859 sancti
607 3804 648 3859 Fr.
669 3805 836 3861 confessoris
881 3808 905 3862 E
923 3808 976 3861 lnc.
996 3808 1042 3860 vit.
1061 3807 1132 3860 beati
1152 3805 1192 3858 Fr.
1213 3804 1295 3874 patris

174 3884 311 3939 minorum
331 3885 453 3939 fratrum.
534 3887 621 3952 4H,
643 3887 678 3941 Os
696 3905 745 3941 om.
758 3889 845 3941 nostri
929 3886 1080 3955 5.Rfuerit
1136 3885 1226 3938 Hom.
1247 3885 1296 3936 ha·

173 3964 228 4017 bitu
247 3976 275 4019 et
347 3983 372 4037 9.
393 3968 484 4036 Rpar.
499 3966 555 4019 suis
629 3967 728 4023 10.AS
738 3984 787 4021 om.
806 3980 847 4021 est
923 3983 961 4021 12.
977 3966 1066 4037 Vana]
1083 3968 1124 4021 Ox
1139 3966 1294 4018 Perniciosa

177 4060 214 4113 13.
235 4044 357 4100 Osbaec
377 4058 418 4100 est
493 4045 532 4099 18.
552 4045 574 4100 R
594 4045 716 4100 Primum
793 4048 887 4117 18·r9.
912 4050 946 4100 W
962 4047 1093 4100 balburari
1173 4060 1215 4097 20.
1236 4046 1292 4109 AS,

175 4126 268 4179 llum.
288 4125 394 4197 pueruli
480 4126 629 4196 Rpueriii
721 4127 844 4197 Wpueri
863 4128 945 4180 nond.
1032 4128 1067 4181 Os
1086 4127 1188 4197 pueruli
1217 4125 1293 4196 quasi

174 4205 254 4258 nond.
328 4206 360 4259 M
370 4205 491 4259 nondum
505 4205 625 4260 valentes
642 4206 717 4278 loqui
792 4223 835 4261 21.
849 4208 908 4271 AS,
931 4209 973 4272 ll,
992 4208 1041 4272 05,
1064 4209 1120 4272 Ox,
1141 4209 1177 4270 R,
1202 4205 1234 4255 W
1248 4206 1293 4256 ad·

173 4285 273 4338 venerit
327 4299 371 4340 22.
391 4286 413 4340 R
431 4285 531 4339 lasciva
587 4302 630 4355 23·
657 4287 689 4338 W
706 4286 820 4341 alicuius
841 4287 935 4341 aetatis
990 4288 1020 4342 H
1030 4299 1118 4341 aetate
1193 4302 1233 4352 ²4-
1248 4287 1295 4340 AS

172 4381 200 4418 se
219 4381 301 4436 agere
358 4378 453 4431 24-25.
474 4365 509 4430 E,
528 4366 565 4431 L,
587 4367 622 4421 Os
640 4367 702 4438 quia
723 4384 745 4421 e.
765 4368 793 4424 h.
813 4367 837 4420 d.
854 4368 993 4421 subiaceat
1058 4383 1098 4437 25-
1119 4368 1140 4420 B
1158 4368 1206 4420 sibi
1224 4368 1293 4420 iacet

172 4444 201 4498 H
216 4444 361 4499 subiacent
435 4444 539 4499 Oxum.
558 4447 705 4500 saecularis
