<?xml version="1.0" encoding="UTF-8"?>
<!DOCTYPE html PUBLIC "-//W3C//DTD XHTML 1.0 Transitional//EN"
    "http://www.w3.org/TR/xhtml1/DTD/xhtml1-transitional.dtd">
<html xmlns="http://www.w3.org/1999/xhtml" xml:lang="en" lang="en">
 <head>
  <title>
</title>
<meta http-equiv="Content-Type" content="text/html;charset=utf-8" />
  <meta name='ocr-system' content='tesseract 3.04.00' />
  <meta name='ocr-capabilities' content='ocr_page ocr_carea ocr_par ocr_line ocrx_word'/>
</head>
<body>
  <div class='ocr_page' id='page_1' title='image "./sfrancisciassis00dogoog_0353.png"; bbox 0 0 3142 4875; ppageno 0'>
   <div class='ocr_carea' id='block_1_1' title="bbox 618 389 937 438">
    <p class='ocr_par' dir='ltr' id='par_1_1' title="bbox 618 389 937 438">
     <span class='ocr_line' id='line_1_1' title="bbox 618 389 937 438; baseline -0.006 0"><span class='ocrx_word' id='word_1_1' title='bbox 618 390 723 438; x_wconf 87' lang='lat' dir='ltr'><strong>BEATI</strong></span> <span class='ocrx_word' id='word_1_2' title='bbox 751 389 937 438; x_wconf 79' lang='lat' dir='ltr'>FRANCISCI</span> 
     </span>
    </p>
   </div>
   <div class='ocr_carea' id='block_1_2' title="bbox 219 500 1067 507">
    <p class='ocr_par' dir='ltr' id='par_1_2' title="bbox 219 500 1067 507">
     <span class='ocr_line' id='line_1_2' title="bbox 219 500 1067 507; baseline 0 -1"><span class='ocrx_word' id='word_1_3' title='bbox 219 500 325 507; x_wconf 78' lang='grc'><em>--..-</em></span> <span class='ocrx_word' id='word_1_4' title='bbox 333 501 574 507; x_wconf 68' lang='lat'>———.——...—</span> <span class='ocrx_word' id='word_1_5' title='bbox 1001 500 1067 507; x_wconf 57' lang='lat' dir='ltr'>..u-</span> 
     </span>
    </p>
   </div>
   <div class='ocr_carea' id='block_1_3' title="bbox 245 730 1307 825">
    <p class='ocr_par' dir='ltr' id='par_1_3' title="bbox 245 730 1307 825">
     <span class='ocr_line' id='line_1_3' title="bbox 245 730 1307 825; baseline 0.001 -21"><span class='ocrx_word' id='word_1_6' title='bbox 245 732 465 825; x_wconf 83' lang='lat' dir='ltr'>Qualiter</span> <span class='ocrx_word' id='word_1_7' title='bbox 501 733 863 805; x_wconf 89' lang='lat' dir='ltr'>verberaverunt</span> <span class='ocrx_word' id='word_1_8' title='bbox 899 756 999 803; x_wconf 92' lang='lat' dir='ltr'>eum</span> <span class='ocrx_word' id='word_1_9' title='bbox 1035 730 1307 805; x_wconf 87' lang='lat' dir='ltr'>daemones.</span> 
     </span>
    </p>
   </div>
   <div class='ocr_carea' id='block_1_4' title="bbox 294 927 1272 1025">
    <p class='ocr_par' dir='ltr' id='par_1_4' title="bbox 294 927 1272 1025">
     <span class='ocr_line' id='line_1_4' title="bbox 294 927 1272 1025; baseline 0.002 -25"><span class='ocrx_word' id='word_1_10' title='bbox 294 927 489 1025; x_wconf 78' lang='lat' dir='ltr'><em>[Qualiter</em></span> <span class='ocrx_word' id='word_1_11' title='bbox 505 930 790 1002; x_wconf 79' lang='lat' dir='ltr'>verberaverunt</span> <span class='ocrx_word' id='word_1_12' title='bbox 807 955 888 1000; x_wconf 81' lang='lat' dir='ltr'>eum</span> <span class='ocrx_word' id='word_1_13' title='bbox 907 929 1105 1010; x_wconf 78' lang='lat' dir='ltr'>daemones,</span> <span class='ocrx_word' id='word_1_14' title='bbox 1127 939 1160 1000; x_wconf 78' lang='lat' dir='ltr'>et</span> <span class='ocrx_word' id='word_1_15' title='bbox 1173 931 1272 1024; x_wconf 83' lang='lat' dir='ltr'>quod</span> 
     </span>
    </p>
   </div>
   <div class='ocr_carea' id='block_1_5' title="bbox 391 1042 1152 1142">
    <p class='ocr_par' dir='ltr' id='par_1_5' title="bbox 391 1042 1152 1142">
     <span class='ocr_line' id='line_1_5' title="bbox 391 1042 1152 1142; baseline -0.001 -26"><span class='ocrx_word' id='word_1_16' title='bbox 391 1045 603 1141; x_wconf 74' lang='lat' dir='ltr'><em>fugiendae</em></span> <span class='ocrx_word' id='word_1_17' title='bbox 620 1056 710 1118; x_wconf 80' lang='lat' dir='ltr'>sunt</span> <span class='ocrx_word' id='word_1_18' title='bbox 726 1044 880 1142; x_wconf 60' lang='lat' dir='ltr'>curm}</span> <span class='ocrx_word' id='word_1_19' title='bbox 938 1042 1152 1115; x_wconf 86' lang='lat' dir='ltr'><strong>LXXXIV.</strong></span> 
     </span>
    </p>
   </div>
   <div class='ocr_carea' id='block_1_6' title="bbox 136 1263 1424 4243">
    <p class='ocr_par' dir='ltr' id='par_1_6' title="bbox 141 1263 1337 3176">
     <span class='ocr_line' id='line_1_6' title="bbox 304 1263 1336 1362; baseline 0.003 -27"><span class='ocrx_word' id='word_1_20' title='bbox 304 1287 386 1355; x_wconf 85' lang='lat'>119.</span> <span class='ocrx_word' id='word_1_21' title='bbox 426 1265 512 1337; x_wconf 90' lang='lat' dir='ltr'>Non</span> <span class='ocrx_word' id='word_1_22' title='bbox 548 1265 669 1337; x_wconf 92' lang='lat' dir='ltr'>solum</span> <span class='ocrx_word' id='word_1_23' title='bbox 697 1263 966 1338; x_wconf 88' lang='lat' dir='ltr'>tentationibus</span> <span class='ocrx_word' id='word_1_24' title='bbox 996 1264 1149 1337; x_wconf 90' lang='lat' dir='ltr'>viriste</span> <span class='ocrx_word' id='word_1_25' title='bbox 1184 1264 1336 1362; x_wconf 90' lang='lat' dir='ltr'>impete·</span> 
     </span>
     <span class='ocr_line' id='line_1_7' title="bbox 168 1370 1337 1470; baseline 0.003 -28"><span class='ocrx_word' id='word_1_26' title='bbox 168 1392 185 1455; x_wconf 87' lang='lat'>5</span> <span class='ocrx_word' id='word_1_27' title='bbox 217 1372 326 1443; x_wconf 91' lang='lat' dir='ltr'>batur</span> <span class='ocrx_word' id='word_1_28' title='bbox 344 1396 366 1442; x_wconf 89' lang='lat' dir='ltr'>a</span> <span class='ocrx_word' id='word_1_29' title='bbox 386 1372 553 1454; x_wconf 86' lang='lat' dir='ltr'>sathana,</span> <span class='ocrx_word' id='word_1_30' title='bbox 576 1395 704 1444; x_wconf 91' lang='lat' dir='ltr'>verum</span> <span class='ocrx_word' id='word_1_31' title='bbox 725 1395 835 1443; x_wconf 90' lang='lat' dir='ltr'>manu</span> <span class='ocrx_word' id='word_1_32' title='bbox 865 1371 913 1444; x_wconf 91' lang='lat' dir='ltr'>ad</span> <span class='ocrx_word' id='word_1_33' title='bbox 934 1396 1085 1443; x_wconf 89' lang='lat' dir='ltr'>manum</span> <span class='ocrx_word' id='word_1_34' title='bbox 1108 1370 1337 1470; x_wconf 82' lang='lat' dir='ltr'>confligebat</span> 
     </span>
     <span class='ocr_line' id='line_1_8' title="bbox 217 1477 1337 1575; baseline 0.002 -25"><span class='ocrx_word' id='word_1_35' title='bbox 217 1503 301 1550; x_wconf 89' lang='lat' dir='ltr'>cum</span> <span class='ocrx_word' id='word_1_36' title='bbox 340 1478 432 1574; x_wconf 92' lang='lat' dir='ltr'>ipso.</span> <span class='ocrx_word' id='word_1_37' title='bbox 499 1479 671 1575; x_wconf 84' lang='lat' dir='ltr'>Rogatus</span> <span class='ocrx_word' id='word_1_38' title='bbox 706 1478 934 1574; x_wconf 85' lang='lat' dir='ltr'>quandoque</span> <span class='ocrx_word' id='word_1_39' title='bbox 965 1503 988 1550; x_wconf 91' lang='lat' dir='ltr'>a</span> <span class='ocrx_word' id='word_1_40' title='bbox 1015 1477 1169 1551; x_wconf 90' lang='lat' dir='ltr'>domiuo</span> <span class='ocrx_word' id='word_1_41' title='bbox 1206 1479 1337 1552; x_wconf 87' lang='lat' dir='ltr'>Leone</span> 
     </span>
     <span class='ocr_line' id='line_1_9' title="bbox 217 1583 1335 1681; baseline 0.003 -25"><span class='ocrx_word' id='word_1_42' title='bbox 217 1584 407 1658; x_wconf 87' lang='lat' dir='ltr'>Cardinali</span> <span class='ocrx_word' id='word_1_43' title='bbox 435 1584 596 1658; x_wconf 84' lang='lat' dir='ltr'>Sanctae</span> <span class='ocrx_word' id='word_1_44' title='bbox 625 1584 765 1667; x_wconf 87' lang='lat' dir='ltr'>Crucis,</span> <span class='ocrx_word' id='word_1_45' title='bbox 790 1601 830 1656; x_wconf 93' lang='lat' dir='ltr'>ut</span> <span class='ocrx_word' id='word_1_46' title='bbox 858 1603 985 1657; x_wconf 86' lang='lat' dir='ltr'>secum</span> <span class='ocrx_word' id='word_1_47' title='bbox 1015 1585 1052 1657; x_wconf 91' lang='lat' dir='ltr'>in</span> <span class='ocrx_word' id='word_1_48' title='bbox 1082 1583 1185 1657; x_wconf 84' lang='lat' dir='ltr'><strong>Urbe</strong></span> <span class='ocrx_word' id='word_1_49' title='bbox 1208 1583 1335 1681; x_wconf 89' lang='lat' dir='ltr'>paulu-</span> 
     </span>
     <span class='ocr_line' id='line_1_10' title="bbox 212 1689 1331 1791; baseline -0.002 -24"><span class='ocrx_word' id='word_1_50' title='bbox 212 1689 290 1768; x_wconf 89' lang='lat' dir='ltr'>lum</span> <span class='ocrx_word' id='word_1_51' title='bbox 329 1708 546 1774; x_wconf 87' lang='lat' dir='ltr'>moraretur,</span> <span class='ocrx_word' id='word_1_52' title='bbox 582 1707 721 1764; x_wconf 91' lang='lat' dir='ltr'>turrem</span> <span class='ocrx_word' id='word_1_53' title='bbox 760 1692 961 1787; x_wconf 90' lang='lat' dir='ltr'>quamdam</span> <span class='ocrx_word' id='word_1_54' title='bbox 995 1707 1178 1765; x_wconf 89' lang='lat' dir='ltr'>remotam</span> <span class='ocrx_word' id='word_1_55' title='bbox 1206 1690 1331 1791; x_wconf 88' lang='lat' dir='ltr'>elegit,</span> 
     </span>
     <span class='ocr_line' id='line_1_11' title="bbox 214 1799 1335 1894; baseline 0.002 -25"><span class='ocrx_word' id='word_1_56' title='bbox 214 1822 310 1894; x_wconf 88' lang='lat' dir='ltr'>quae</span> <span class='ocrx_word' id='word_1_57' title='bbox 330 1823 398 1894; x_wconf 90' lang='lat' dir='ltr'>per</span> <span class='ocrx_word' id='word_1_58' title='bbox 423 1823 557 1870; x_wconf 87' lang='lat' dir='ltr'>novem</span> <span class='ocrx_word' id='word_1_59' title='bbox 586 1799 792 1870; x_wconf 90' lang='lat' dir='ltr'>testudines</span> <span class='ocrx_word' id='word_1_60' title='bbox 821 1813 1082 1871; x_wconf 88' lang='lat' dir='ltr'>concamerata</span> <span class='ocrx_word' id='word_1_61' title='bbox 1109 1799 1213 1894; x_wconf 85' lang='lat' dir='ltr'>quasi</span> <span class='ocrx_word' id='word_1_62' title='bbox 1235 1824 1335 1871; x_wconf 88' lang='lat' dir='ltr'>man·</span> 
     </span>
     <span class='ocr_line' id='line_1_12' title="bbox 146 1903 1334 2001; baseline 0.008 -32"><span class='ocrx_word' id='word_1_63' title='bbox 146 1923 184 1969; x_wconf 92' lang='lat'>10</span> <span class='ocrx_word' id='word_1_64' title='bbox 213 1903 401 1977; x_wconf 88' lang='lat' dir='ltr'>siunculas</span> <span class='ocrx_word' id='word_1_65' title='bbox 425 1904 634 1978; x_wconf 88' lang='lat' dir='ltr'>eremiticas</span> <span class='ocrx_word' id='word_1_66' title='bbox 653 1905 898 2001; x_wconf 85' lang='lat' dir='ltr'>praelerebat.</span> <span class='ocrx_word' id='word_1_67' title='bbox 947 1904 1070 1977; x_wconf 92' lang='lat' dir='ltr'>Prima</span> <span class='ocrx_word' id='word_1_68' title='bbox 1090 1905 1202 2001; x_wconf 91' lang='lat' dir='ltr'>igitur</span> <span class='ocrx_word' id='word_1_69' title='bbox 1226 1919 1334 1979; x_wconf 89' lang='lat' dir='ltr'>nocte</span> 
     </span>
     <span class='ocr_line' id='line_1_13' title="bbox 213 2011 1334 2108; baseline 0.001 -25"><span class='ocrx_word' id='word_1_70' title='bbox 213 2037 297 2083; x_wconf 92' lang='lat' dir='ltr'>cum</span> <span class='ocrx_word' id='word_1_71' title='bbox 318 2028 404 2108; x_wconf 92' lang='lat' dir='ltr'>post</span> <span class='ocrx_word' id='word_1_72' title='bbox 432 2011 639 2084; x_wconf 88' lang='lat' dir='ltr'>orationem</span> <span class='ocrx_word' id='word_1_73' title='bbox 669 2011 755 2084; x_wconf 90' lang='lat' dir='ltr'>Deo</span> <span class='ocrx_word' id='word_1_74' title='bbox 774 2012 893 2084; x_wconf 88' lang='lat' dir='ltr'>susam</span> <span class='ocrx_word' id='word_1_75' title='bbox 914 2011 1025 2083; x_wconf 87' lang='lat' dir='ltr'>vellet</span> <span class='ocrx_word' id='word_1_76' title='bbox 1048 2012 1252 2106; x_wconf 88' lang='lat' dir='ltr'>quiescere,</span> <span class='ocrx_word' id='word_1_77' title='bbox 1273 2038 1334 2084; x_wconf 92' lang='lat' dir='ltr'>ve-</span> 
     </span>
     <span class='ocr_line' id='line_1_14' title="bbox 213 2116 1333 2216; baseline 0 -26"><span class='ocrx_word' id='word_1_78' title='bbox 213 2118 319 2190; x_wconf 91' lang='lat' dir='ltr'>niunt</span> <span class='ocrx_word' id='word_1_79' title='bbox 347 2118 552 2191; x_wconf 91' lang='lat' dir='ltr'>daemones</span> <span class='ocrx_word' id='word_1_80' title='bbox 571 2135 609 2190; x_wconf 93' lang='lat' dir='ltr'>et</span> <span class='ocrx_word' id='word_1_81' title='bbox 629 2118 782 2190; x_wconf 91' lang='lat' dir='ltr'>hostiles</span> <span class='ocrx_word' id='word_1_82' title='bbox 808 2142 952 2216; x_wconf 86' lang='lat' dir='ltr'>agones</span> <span class='ocrx_word' id='word_1_83' title='bbox 971 2116 1176 2190; x_wconf 90' lang='lat' dir='ltr'>immovent</span> <span class='ocrx_word' id='word_1_84' title='bbox 1204 2135 1333 2191; x_wconf 90' lang='lat' dir='ltr'>sancto</span> 
     </span>
     <span class='ocr_line' id='line_1_15' title="bbox 211 2223 1333 2317; baseline 0.002 -21"><span class='ocrx_word' id='word_1_85' title='bbox 211 2225 295 2296; x_wconf 92' lang='lat' dir='ltr'>Dei.</span> <span class='ocrx_word' id='word_1_86' title='bbox 354 2223 479 2317; x_wconf 82' lang='lat' dir='ltr'>Quem</span> <span class='ocrx_word' id='word_1_87' title='bbox 498 2223 703 2297; x_wconf 89' lang='lat' dir='ltr'>diutissime</span> <span class='ocrx_word' id='word_1_88' title='bbox 729 2249 774 2296; x_wconf 91' lang='lat' dir='ltr'>ac</span> <span class='ocrx_word' id='word_1_89' title='bbox 794 2224 991 2297; x_wconf 89' lang='lat' dir='ltr'>durissime</span> <span class='ocrx_word' id='word_1_90' title='bbox 1010 2225 1262 2308; x_wconf 88' lang='lat' dir='ltr'>verberantes,</span> <span class='ocrx_word' id='word_1_91' title='bbox 1283 2226 1333 2298; x_wconf 90' lang='lat' dir='ltr'>ad</span> 
     </span>
     <span class='ocr_line' id='line_1_16' title="bbox 211 2329 1333 2427; baseline 0.002 -25"><span class='ocrx_word' id='word_1_92' title='bbox 211 2331 378 2403; x_wconf 89' lang='lat' dir='ltr'>ultimum</span> <span class='ocrx_word' id='word_1_93' title='bbox 403 2332 508 2427; x_wconf 91' lang='lat' dir='ltr'>quasi</span> <span class='ocrx_word' id='word_1_94' title='bbox 538 2329 762 2404; x_wconf 88' lang='lat' dir='ltr'>seminecem</span> <span class='ocrx_word' id='word_1_95' title='bbox 794 2330 1071 2426; x_wconf 87' lang='lat' dir='ltr'>reli[quer]unt.</span> <span class='ocrx_word' id='word_1_96' title='bbox 1120 2329 1193 2408; x_wconf 89' lang='lat' dir='ltr'>lllis</span> <span class='ocrx_word' id='word_1_97' title='bbox 1217 2330 1333 2404; x_wconf 89' lang='lat' dir='ltr'>disce·</span> 
     </span>
     <span class='ocr_line' id='line_1_17' title="bbox 145 2438 1332 2535; baseline 0 -24"><span class='ocrx_word' id='word_1_98' title='bbox 145 2455 179 2518; x_wconf 81' lang='lat'>15</span> <span class='ocrx_word' id='word_1_99' title='bbox 212 2439 396 2524; x_wconf 88' lang='lat' dir='ltr'>dentibus,</span> <span class='ocrx_word' id='word_1_100' title='bbox 433 2454 605 2535; x_wconf 89' lang='lat' dir='ltr'>reparato</span> <span class='ocrx_word' id='word_1_101' title='bbox 642 2439 794 2511; x_wconf 87' lang='lat' dir='ltr'>tandem</span> <span class='ocrx_word' id='word_1_102' title='bbox 824 2438 999 2521; x_wconf 88' lang='lat' dir='ltr'>anhelitu,</span> <span class='ocrx_word' id='word_1_103' title='bbox 1038 2454 1149 2511; x_wconf 91' lang='lat' dir='ltr'>vocat</span> <span class='ocrx_word' id='word_1_104' title='bbox 1181 2456 1332 2511; x_wconf 85' lang='lat' dir='ltr'>sanctus</span> 
     </span>
     <span class='ocr_line' id='line_1_18' title="bbox 211 2544 1330 2631; baseline 0.001 -14"><span class='ocrx_word' id='word_1_105' title='bbox 211 2547 353 2618; x_wconf 90' lang='lat' dir='ltr'>socium</span> <span class='ocrx_word' id='word_1_106' title='bbox 382 2572 490 2619; x_wconf 91' lang='lat' dir='ltr'>suum</span> <span class='ocrx_word' id='word_1_107' title='bbox 520 2547 589 2618; x_wconf 91' lang='lat' dir='ltr'>sub</span> <span class='ocrx_word' id='word_1_108' title='bbox 617 2545 689 2619; x_wconf 87' lang='lat' dir='ltr'>alia</span> <span class='ocrx_word' id='word_1_109' title='bbox 717 2545 904 2618; x_wconf 89' lang='lat' dir='ltr'>testudine</span> <span class='ocrx_word' id='word_1_110' title='bbox 924 2544 1182 2631; x_wconf 86' lang='lat' dir='ltr'>dormientem,</span> <span class='ocrx_word' id='word_1_111' title='bbox 1204 2562 1242 2617; x_wconf 92' lang='lat' dir='ltr'>et</span> <span class='ocrx_word' id='word_1_112' title='bbox 1269 2571 1330 2619; x_wconf 90' lang='lat' dir='ltr'>ve·</span> 
     </span>
     <span class='ocr_line' id='line_1_19' title="bbox 211 2651 1332 2748; baseline 0.001 -24"><span class='ocrx_word' id='word_1_113' title='bbox 211 2652 326 2725; x_wconf 87' lang='lat' dir='ltr'>riienti</span> <span class='ocrx_word' id='word_1_114' title='bbox 354 2652 424 2725; x_wconf 87' lang='lat' dir='ltr'>ait:</span> <span class='ocrx_word' id='word_1_115' title='bbox 455 2654 597 2734; x_wconf 88' lang='lat' dir='ltr'>Frater,</span> <span class='ocrx_word' id='word_1_116' title='bbox 620 2651 705 2725; x_wconf 92' lang='lat' dir='ltr'>volo</span> <span class='ocrx_word' id='word_1_117' title='bbox 724 2653 826 2748; x_wconf 94' lang='lat' dir='ltr'>quod</span> <span class='ocrx_word' id='word_1_118' title='bbox 856 2677 1009 2725; x_wconf 88' lang='lat' dir='ltr'>maneas</span> <span class='ocrx_word' id='word_1_119' title='bbox 1028 2651 1131 2724; x_wconf 86' lang='lat' dir='ltr'>iuxta</span> <span class='ocrx_word' id='word_1_120' title='bbox 1150 2678 1221 2734; x_wconf 86' lang='lat' dir='ltr'>me,</span> <span class='ocrx_word' id='word_1_121' title='bbox 1244 2653 1332 2748; x_wconf 89' lang='lat' dir='ltr'>quia</span> 
     </span>
     <span class='ocr_line' id='line_1_20' title="bbox 210 2758 1331 2833; baseline 0.002 -2"><span class='ocrx_word' id='word_1_122' title='bbox 210 2758 311 2831; x_wconf 90' lang='lat' dir='ltr'>solus</span> <span class='ocrx_word' id='word_1_123' title='bbox 341 2784 424 2833; x_wconf 90' lang='lat' dir='ltr'>esse</span> <span class='ocrx_word' id='word_1_124' title='bbox 453 2759 623 2831; x_wconf 78' lang='lat' dir='ltr'>formido</span> <span class='ocrx_word' id='word_1_125' title='bbox 690 2759 993 2832; x_wconf 90' lang='lat' dir='ltr'>Verberaverunt</span> <span class='ocrx_word' id='word_1_126' title='bbox 1027 2758 1126 2831; x_wconf 89' lang='lat' dir='ltr'>enim</span> <span class='ocrx_word' id='word_1_127' title='bbox 1156 2784 1216 2831; x_wconf 91' lang='lat' dir='ltr'>me</span> <span class='ocrx_word' id='word_1_128' title='bbox 1246 2759 1331 2833; x_wconf 91' lang='lat' dir='ltr'>dae·</span> 
     </span>
     <span class='ocr_line' id='line_1_21' title="bbox 210 2865 1330 2962; baseline 0.002 -26"><span class='ocrx_word' id='word_1_129' title='bbox 210 2891 341 2940; x_wconf 90' lang='lat' dir='ltr'>mones</span> <span class='ocrx_word' id='word_1_130' title='bbox 361 2865 473 2962; x_wconf 89' lang='lat' dir='ltr'>paulo</span> <span class='ocrx_word' id='word_1_131' title='bbox 491 2882 590 2939; x_wconf 88' lang='lat' dir='ltr'>ante.</span> <span class='ocrx_word' id='word_1_132' title='bbox 647 2866 852 2938; x_wconf 89' lang='lat' dir='ltr'>Tremebat</span> <span class='ocrx_word' id='word_1_133' title='bbox 871 2880 996 2938; x_wconf 88' lang='lat' dir='ltr'>autem</span> <span class='ocrx_word' id='word_1_134' title='bbox 1016 2880 1168 2938; x_wconf 89' lang='lat' dir='ltr'>sanctus</span> <span class='ocrx_word' id='word_1_135' title='bbox 1186 2882 1224 2938; x_wconf 89' lang='lat' dir='ltr'>et</span> <span class='ocrx_word' id='word_1_136' title='bbox 1244 2891 1330 2962; x_wconf 90' lang='lat' dir='ltr'>qua-</span> 
     </span>
     <span class='ocr_line' id='line_1_22' title="bbox 141 2971 1329 3069; baseline 0.002 -26"><span class='ocrx_word' id='word_1_137' title='bbox 141 2985 181 3031; x_wconf 85' lang='lat'>20</span> <span class='ocrx_word' id='word_1_138' title='bbox 209 2973 371 3046; x_wconf 84' lang='lat' dir='ltr'>tiebatur</span> <span class='ocrx_word' id='word_1_139' title='bbox 403 2972 439 3044; x_wconf 90' lang='lat' dir='ltr'>in</span> <span class='ocrx_word' id='word_1_140' title='bbox 474 2972 661 3057; x_wconf 90' lang='lat' dir='ltr'>membris,</span> <span class='ocrx_word' id='word_1_141' title='bbox 692 2973 797 3069; x_wconf 92' lang='lat' dir='ltr'>quasi</span> <span class='ocrx_word' id='word_1_142' title='bbox 831 2971 893 3068; x_wconf 91' lang='lat' dir='ltr'>qui</span> <span class='ocrx_word' id='word_1_143' title='bbox 925 2973 1064 3045; x_wconf 81' lang='lat' dir='ltr'>febrem</span> <span class='ocrx_word' id='word_1_144' title='bbox 1095 2972 1329 3046; x_wconf 91' lang='lat' dir='ltr'>durissimam</span> 
     </span>
     <span class='ocr_line' id='line_1_23' title="bbox 208 3095 409 3176; baseline -0.015 -22"><span class='ocrx_word' id='word_1_145' title='bbox 208 3095 409 3176; x_wconf 88' lang='lat' dir='ltr'>pateretur.</span> 
     </span>
    </p>

    <p class='ocr_par' dir='ltr' id='par_1_7' title="bbox 208 3185 1328 3496">
     <span class='ocr_line' id='line_1_24' title="bbox 293 3185 1324 3283; baseline 0 -26"><span class='ocrx_word' id='word_1_146' title='bbox 293 3208 376 3258; x_wconf 86' lang='lat'>120.</span> <span class='ocrx_word' id='word_1_147' title='bbox 407 3185 544 3259; x_wconf 88' lang='lat' dir='ltr'>Totam</span> <span class='ocrx_word' id='word_1_148' title='bbox 572 3210 666 3283; x_wconf 87' lang='lat' dir='ltr'>ergo</span> <span class='ocrx_word' id='word_1_149' title='bbox 695 3202 843 3259; x_wconf 90' lang='lat' dir='ltr'>noctem</span> <span class='ocrx_word' id='word_1_150' title='bbox 864 3187 1072 3259; x_wconf 89' lang='lat' dir='ltr'>insomnem</span> <span class='ocrx_word' id='word_1_151' title='bbox 1092 3185 1324 3271; x_wconf 91' lang='lat' dir='ltr'>ducentibus,</span> 
     </span>
     <span class='ocr_line' id='line_1_25' title="bbox 208 3291 1328 3366; baseline 0.003 -3"><span class='ocrx_word' id='word_1_152' title='bbox 208 3292 303 3364; x_wconf 85' lang='lat' dir='ltr'>dixit</span> <span class='ocrx_word' id='word_1_153' title='bbox 348 3308 500 3366; x_wconf 90' lang='lat' dir='ltr'>sanctus</span> <span class='ocrx_word' id='word_1_154' title='bbox 537 3292 758 3366; x_wconf 89' lang='lat' dir='ltr'>Franciscus</span> <span class='ocrx_word' id='word_1_155' title='bbox 794 3293 842 3366; x_wconf 90' lang='lat' dir='ltr'>ad</span> <span class='ocrx_word' id='word_1_156' title='bbox 879 3291 1021 3365; x_wconf 89' lang='lat' dir='ltr'>socium</span> <span class='ocrx_word' id='word_1_157' title='bbox 1063 3318 1188 3364; x_wconf 89' lang='lat' dir='ltr'>suum:</span> <span class='ocrx_word' id='word_1_158' title='bbox 1229 3293 1328 3366; x_wconf 90' lang='lat' dir='ltr'>Dae·</span> 
     </span>
     <span class='ocr_line' id='line_1_26' title="bbox 208 3399 1326 3496; baseline 0.001 -25"><span class='ocrx_word' id='word_1_159' title='bbox 208 3424 340 3472; x_wconf 88' lang='lat' dir='ltr'>mones</span> <span class='ocrx_word' id='word_1_160' title='bbox 369 3415 455 3471; x_wconf 88' lang='lat' dir='ltr'>sunt</span> <span class='ocrx_word' id='word_1_161' title='bbox 483 3399 636 3474; x_wconf 87' lang='lat' dir='ltr'>castaldi</span> <span class='ocrx_word' id='word_1_162' title='bbox 665 3399 738 3471; x_wconf 90' lang='lat' dir='ltr'>Dei</span> <span class='ocrx_word' id='word_1_163' title='bbox 769 3399 894 3482; x_wconf 89' lang='lat' dir='ltr'>nostri,</span> <span class='ocrx_word' id='word_1_164' title='bbox 926 3424 1021 3496; x_wconf 90' lang='lat' dir='ltr'>quos</span> <span class='ocrx_word' id='word_1_165' title='bbox 1057 3399 1219 3471; x_wconf 88' lang='lat' dir='ltr'>destinat</span> <span class='ocrx_word' id='word_1_166' title='bbox 1247 3399 1326 3495; x_wconf 87' lang='lat' dir='ltr'>ipse</span> 
     </span>
    </p>

    <p class='ocr_par' dir='ltr' id='par_1_8' title="bbox 139 3503 1424 4031">
     <span class='ocr_line' id='line_1_27' title="bbox 139 3503 1326 3604; baseline -0.004 -20"><span class='ocrx_word' id='word_1_167' title='bbox 139 3518 175 3584; x_wconf 81' lang='lat'>25</span> <span class='ocrx_word' id='word_1_168' title='bbox 207 3506 255 3577; x_wconf 89' lang='lat' dir='ltr'>ad</span> <span class='ocrx_word' id='word_1_169' title='bbox 284 3505 496 3603; x_wconf 88' lang='lat' dir='ltr'>puniendos</span> <span class='ocrx_word' id='word_1_170' title='bbox 532 3531 720 3579; x_wconf 88' lang='lat' dir='ltr'>excessus.</span> <span class='ocrx_word' id='word_1_171' title='bbox 787 3505 945 3604; x_wconf 85' lang='lat' dir='ltr'>Signum</span> <span class='ocrx_word' id='word_1_172' title='bbox 982 3521 1108 3578; x_wconf 89' lang='lat' dir='ltr'>autem</span> <span class='ocrx_word' id='word_1_173' title='bbox 1137 3503 1326 3602; x_wconf 88' lang='lat' dir='ltr'>amplioris</span> 
     </span>
     <span class='ocr_line' id='line_1_28' title="bbox 206 3611 1424 3715; baseline 0.002 -32"><span class='ocrx_word' id='word_1_174' title='bbox 206 3629 263 3684; x_wconf 88' lang='lat' dir='ltr'>est</span> <span class='ocrx_word' id='word_1_175' title='bbox 291 3613 447 3711; x_wconf 88' lang='lat' dir='ltr'>gratiae,</span> <span class='ocrx_word' id='word_1_176' title='bbox 484 3613 572 3686; x_wconf 93' lang='lat' dir='ltr'>nihil</span> <span class='ocrx_word' id='word_1_177' title='bbox 602 3613 637 3685; x_wconf 90' lang='lat' dir='ltr'>in</span> <span class='ocrx_word' id='word_1_178' title='bbox 667 3638 776 3686; x_wconf 91' lang='lat' dir='ltr'>servo</span> <span class='ocrx_word' id='word_1_179' title='bbox 814 3639 882 3685; x_wconf 92' lang='lat' dir='ltr'>suo</span> <span class='ocrx_word' id='word_1_180' title='bbox 915 3614 1066 3709; x_wconf 87' lang='lat' dir='ltr'>impune</span> <span class='ocrx_word' id='word_1_181' title='bbox 1104 3611 1323 3708; x_wconf 87' lang='lat' dir='ltr'>relinquere,</span> <span class='ocrx_word' id='word_1_182' title='bbox 1416 3702 1424 3715; x_wconf 93' lang='lat'><strong>.</strong></span> 
     </span>
     <span class='ocr_line' id='line_1_29' title="bbox 206 3719 1325 3817; baseline 0.001 -27"><span class='ocrx_word' id='word_1_183' title='bbox 206 3719 296 3791; x_wconf 92' lang='lat' dir='ltr'>dum</span> <span class='ocrx_word' id='word_1_184' title='bbox 323 3719 414 3793; x_wconf 91' lang='lat' dir='ltr'>vivit</span> <span class='ocrx_word' id='word_1_185' title='bbox 442 3720 477 3792; x_wconf 89' lang='lat' dir='ltr'>in</span> <span class='ocrx_word' id='word_1_186' title='bbox 508 3721 658 3792; x_wconf 86' lang='lat' dir='ltr'>mundo.</span> <span class='ocrx_word' id='word_1_187' title='bbox 716 3719 803 3817; x_wconf 86' lang='lat' dir='ltr'>Ego</span> <span class='ocrx_word' id='word_1_188' title='bbox 830 3744 921 3793; x_wconf 89' lang='lat' dir='ltr'>vero</span> <span class='ocrx_word' id='word_1_189' title='bbox 950 3719 1129 3792; x_wconf 84' lang='lat' dir='ltr'>offensam</span> <span class='ocrx_word' id='word_1_190' title='bbox 1164 3743 1237 3790; x_wconf 91' lang='lat' dir='ltr'>non</span> <span class='ocrx_word' id='word_1_191' title='bbox 1270 3744 1325 3791; x_wconf 90' lang='lat' dir='ltr'>re-</span> 
     </span>
     <span class='ocr_line' id='line_1_30' title="bbox 205 3824 1324 3923; baseline 0.002 -27"><span class='ocrx_word' id='word_1_192' title='bbox 205 3827 297 3911; x_wconf 90' lang='lat' dir='ltr'>col0,</span> <span class='ocrx_word' id='word_1_193' title='bbox 320 3852 432 3922; x_wconf 91' lang='lat' dir='ltr'>quam</span> <span class='ocrx_word' id='word_1_194' title='bbox 461 3852 529 3923; x_wconf 89' lang='lat' dir='ltr'>per</span> <span class='ocrx_word' id='word_1_195' title='bbox 547 3826 838 3899; x_wconf 89' lang='lat' dir='ltr'>misericordiam</span> <span class='ocrx_word' id='word_1_196' title='bbox 867 3826 940 3898; x_wconf 92' lang='lat' dir='ltr'>Dei</span> <span class='ocrx_word' id='word_1_197' title='bbox 969 3824 1221 3898; x_wconf 86' lang='lat' dir='ltr'>satisfactione</span> <span class='ocrx_word' id='word_1_198' title='bbox 1250 3850 1324 3898; x_wconf 90' lang='lat' dir='ltr'>non</span> 
     </span>
     <span class='ocr_line' id='line_1_31' title="bbox 205 3932 1324 4031; baseline 0.001 -27"><span class='ocrx_word' id='word_1_199' title='bbox 205 3932 377 4017; x_wconf 85' lang='lat' dir='ltr'>laverim;</span> <span class='ocrx_word' id='word_1_200' title='bbox 409 3959 476 4007; x_wconf 90' lang='lat' dir='ltr'>sua</span> <span class='ocrx_word' id='word_1_201' title='bbox 505 3934 644 4031; x_wconf 91' lang='lat' dir='ltr'>quippe</span> <span class='ocrx_word' id='word_1_202' title='bbox 672 3950 829 4031; x_wconf 89' lang='lat' dir='ltr'>paterna</span> <span class='ocrx_word' id='word_1_203' title='bbox 857 3932 1075 4031; x_wconf 88' lang='lat' dir='ltr'>dignatione</span> <span class='ocrx_word' id='word_1_204' title='bbox 1104 3957 1252 4028; x_wconf 89' lang='lat' dir='ltr'>semper</span> <span class='ocrx_word' id='word_1_205' title='bbox 1272 3932 1324 4005; x_wconf 90' lang='lat' dir='ltr'>sic</span> 
     </span>
    </p>

    <p class='ocr_par' dir='ltr' id='par_1_9' title="bbox 136 4037 1324 4243">
     <span class='ocr_line' id='line_1_32' title="bbox 136 4037 1323 4138; baseline -0.002 -24"><span class='ocrx_word' id='word_1_206' title='bbox 136 4049 175 4114; x_wconf 83' lang='lat'>30</span> <span class='ocrx_word' id='word_1_207' title='bbox 204 4064 351 4113; x_wconf 88' lang='lat' dir='ltr'>mecum</span> <span class='ocrx_word' id='word_1_208' title='bbox 380 4039 468 4138; x_wconf 90' lang='lat' dir='ltr'>egit,</span> <span class='ocrx_word' id='word_1_209' title='bbox 498 4057 538 4112; x_wconf 90' lang='lat' dir='ltr'>ut</span> <span class='ocrx_word' id='word_1_210' title='bbox 566 4042 751 4138; x_wconf 88' lang='lat' dir='ltr'>placentia</span> <span class='ocrx_word' id='word_1_211' title='bbox 779 4058 817 4113; x_wconf 90' lang='lat' dir='ltr'>et</span> <span class='ocrx_word' id='word_1_212' title='bbox 846 4038 1078 4137; x_wconf 90' lang='lat' dir='ltr'>displicentia</span> <span class='ocrx_word' id='word_1_213' title='bbox 1106 4037 1174 4129; x_wconf 86' lang='lat' dir='ltr'>sibi</span> <span class='ocrx_word' id='word_1_214' title='bbox 1203 4040 1323 4112; x_wconf 89' lang='lat' dir='ltr'>oranti</span> 
     </span>
     <span class='ocr_line' id='line_1_33' title="bbox 202 4145 1324 4243; baseline 0.002 -25"><span class='ocrx_word' id='word_1_215' title='bbox 202 4162 241 4218; x_wconf 90' lang='lat' dir='ltr'>et</span> <span class='ocrx_word' id='word_1_216' title='bbox 260 4146 452 4220; x_wconf 88' lang='lat' dir='ltr'>meditanti</span> <span class='ocrx_word' id='word_1_217' title='bbox 472 4148 698 4220; x_wconf 86' lang='lat' dir='ltr'>ostenderet.</span> <span class='ocrx_word' id='word_1_218' title='bbox 757 4146 832 4219; x_wconf 88' lang='lat' dir='ltr'>Sed</span> <span class='ocrx_word' id='word_1_219' title='bbox 852 4162 977 4243; x_wconf 90' lang='lat' dir='ltr'>potest</span> <span class='ocrx_word' id='word_1_220' title='bbox 1005 4171 1088 4219; x_wconf 87' lang='lat' dir='ltr'>esse</span> <span class='ocrx_word' id='word_1_221' title='bbox 1117 4146 1218 4240; x_wconf 92' lang='lat' dir='ltr'>quod</span> <span class='ocrx_word' id='word_1_222' title='bbox 1239 4145 1324 4220; x_wconf 92' lang='lat' dir='ltr'>ideo</span> 
     </span>
    </p>
   </div>
   <div class='ocr_carea' id='block_1_7' title="bbox 204 4362 1321 4516">
    <p class='ocr_par' dir='ltr' id='par_1_10' title="bbox 204 4362 1321 4516">
     <span class='ocr_line' id='line_1_34' title="bbox 278 4362 1321 4435; baseline -0.001 -19"><span class='ocrx_word' id='word_1_223' title='bbox 278 4362 350 4417; x_wconf 38' lang='lat' dir='ltr'>tall</span> <span class='ocrx_word' id='word_1_224' title='bbox 368 4382 415 4417; x_wconf 83' lang='lat' dir='ltr'>our.</span> <span class='ocrx_word' id='word_1_225' title='bbox 493 4380 531 4427; x_wconf 71' lang='lat'>14.</span> <span class='ocrx_word' id='word_1_226' title='bbox 551 4366 572 4417; x_wconf 75' lang='lat' dir='ltr'>,l</span> <span class='ocrx_word' id='word_1_227' title='bbox 593 4363 746 4434; x_wconf 86' lang='lat' dir='ltr'>relinquunt</span> <span class='ocrx_word' id='word_1_228' title='bbox 824 4366 1098 4435; x_wconf 75' lang='lat' dir='ltr'>15.llteutperato,</span> <span class='ocrx_word' id='word_1_229' title='bbox 1139 4377 1180 4415; x_wconf 88' lang='lat'>22.</span> <span class='ocrx_word' id='word_1_230' title='bbox 1198 4363 1230 4415; x_wconf 81' lang='lat' dir='ltr'>ll</span> <span class='ocrx_word' id='word_1_231' title='bbox 1241 4363 1321 4433; x_wconf 88' lang='lat' dir='ltr'>igitur</span> 
     </span>
     <span class='ocr_line' id='line_1_35' title="bbox 204 4444 872 4516; baseline 0 -20"><span class='ocrx_word' id='word_1_232' title='bbox 204 4459 244 4513; x_wconf 79' lang='lat'>23·</span> <span class='ocrx_word' id='word_1_233' title='bbox 265 4446 294 4497; x_wconf 84' lang='lat' dir='ltr'>ll</span> <span class='ocrx_word' id='word_1_234' title='bbox 312 4462 360 4497; x_wconf 86' lang='lat' dir='ltr'>um.</span> <span class='ocrx_word' id='word_1_235' title='bbox 380 4462 459 4498; x_wconf 90' lang='lat' dir='ltr'>suum</span> <span class='ocrx_word' id='word_1_236' title='bbox 534 4460 576 4516; x_wconf 84' lang='lat'>29.</span> <span class='ocrx_word' id='word_1_237' title='bbox 597 4444 628 4495; x_wconf 76' lang='lat' dir='ltr'>M</span> <span class='ocrx_word' id='word_1_238' title='bbox 646 4462 694 4497; x_wconf 83' lang='lat' dir='ltr'>om.</span> <span class='ocrx_word' id='word_1_239' title='bbox 713 4444 872 4513; x_wconf 85' lang='lat' dir='ltr'>dignatione</span> 
     </span>
    </p>
   </div>
   <div class='ocr_carea' id='block_1_8' title="bbox 0 0 1576 4875">
    <p class='ocr_par' dir='ltr' id='par_1_11' title="bbox 0 0 1576 4875">
     <span class='ocr_line' id='line_1_36' title="bbox 0 0 1576 4875; baseline 0 6"><span class='ocrx_word' id='word_1_240' title='bbox 0 0 1576 4875; x_wconf 95' lang='lat' dir='ltr'> </span> 
     </span>
    </p>
   </div>
  </div>
 </body>
</html>
