3142 4875
261 347 333 414 262
636 368 806 415 cunnum
834 367 1000 415 securus

257 597 443 672 castaldos
471 624 560 671 suos
588 600 623 670 in
655 624 713 671 me
742 598 910 694 permisit
938 600 1152 696 irrumpere,
1184 598 1272 696 quia
1301 621 1375 671 non

255 708 394 778 bonam
422 706 587 802 speciem
614 705 696 778 aliis
732 707 894 802 praefert
922 706 1065 778 mansio
1096 730 1179 777 mea
1208 705 1244 777 in
1273 707 1377 777 curia

257 826 530 910 magnatorum.
589 813 738 884 Fratres
767 812 850 895 mei,
873 812 935 909 qui
966 814 1001 884 in
1022 812 1113 885 locis
1140 814 1378 909 pauperculis

258 935 543 1001 commorantur,
566 919 762 992 audientes
791 945 851 991 me
879 945 963 991 cum
993 919 1255 993 Cardinalibus
1280 945 1374 1003 esse,

258 1026 544 1121 suspicabuntur
575 1024 725 1098 forsitan
759 1027 950 1099 abundare
975 1026 1120 1098 delitiis.
1179 1026 1278 1110 Ideo,
1310 1028 1378 1098 sra-
1409 1056 1426 1120 5

260 1148 325 1215 ter,
350 1132 480 1203 melius
509 1131 631 1204 iudico
650 1157 735 1204 eum
760 1133 822 1230 qui
852 1133 1001 1229 ponitur
1021 1133 1055 1204 in
1081 1131 1305 1229 exemplum,
1328 1133 1344 1204 l
1371 1177 1379 1186 ·

260 1264 352 1336 gere
384 1238 515 1321 curias,
543 1253 580 1311 et
615 1238 790 1334 penurias
825 1240 1050 1312 sustinentes
1087 1240 1200 1312 lortes
1229 1238 1379 1311 efficere

260 1343 392 1418 similia
421 1346 648 1417 sustinendo.
698 1345 863 1418 Veniunt
891 1372 984 1443 ergo
1005 1372 1123 1430 mane,
1147 1362 1185 1419 et
1215 1346 1380 1419 recitatis

261 1452 433 1524 omnibus
451 1451 675 1524 valefaciunt
695 1451 946 1530 Cardinalem.
993 1453 1175 1526 Noverint
1195 1454 1287 1525 haec
1316 1479 1380 1549 pa·

260 1557 374 1640 latini,
392 1575 429 1628 et
444 1557 562 1630 sciant
581 1559 771 1630 abortivos
791 1585 830 1632 se
850 1585 933 1632 esse
953 1576 1091 1632 tractos
1111 1586 1159 1632 ex
1178 1576 1285 1631 utero
1307 1585 1380 1632 ma·
1414 1586 1451 1632 10

260 1665 326 1737 tris
345 1689 445 1737 suae.
494 1665 579 1737 Non
596 1665 846 1738 obedientiam
868 1667 1014 1748 damno,
1038 1668 1104 1739 sed
1124 1667 1377 1749 ambitionem,

260 1772 327 1844 sed
346 1770 473 1856 otium,
496 1771 562 1843 sed
586 1770 732 1844 delitias
759 1772 1014 1869 reprehendo;
1044 1772 1206 1869 denique
1226 1789 1263 1845 et
1293 1774 1380 1845 obe-

259 1877 407 1951 dientiis
426 1877 568 1951 cunctis
588 1878 828 1952 Franciscum
852 1880 1005 1952 omnino
1025 1905 1205 1976 propono.
1264 1879 1380 1952 Susti-

261 2002 392 2058 neatur
410 2001 533 2057 tamen
555 1985 736 2081 quidquid
756 1986 927 2082 displicet
946 1986 1041 2071 De0,
1060 1987 1236 2082 quoniam
1257 1988 1381 2083 placet

261 2091 482 2164 bominibus.
1416 2118 1453 2182 15

401 2533 647 2630 [Exemplum
666 2535 719 2604 od
727 2535 988 2632 propositum}
1048 2534 1243 2607 LXXXV.

347 2769 429 2817 121.
463 2745 673 2840 [O]ccurrit
704 2746 860 2844 [animo]
894 2748 995 2842 quod
1025 2745 1235 2818 nullatenus
1263 2763 1381 2819 trans-

262 2854 424 2924 eundum
453 2868 553 2950 puto.
621 2854 752 2925 Frater
779 2853 929 2948 quidam
961 2878 1044 2924 cum
1078 2854 1210 2925 sratres
1238 2854 1382 2927 videret

261 2959 297 3030 in
327 2959 488 3054 quadam
518 2959 619 3031 curia
652 2976 937 3042 commorantes
969 2959 1123 3032 allectus
1151 2986 1224 3055 qua
1262 2960 1382 3058 gloria

263 3064 398 3149 nescio,
421 3065 648 3138 desideravit
673 3091 745 3138 una
773 3092 858 3138 cum
888 3066 941 3138 eis
970 3065 1047 3138 fieri
1076 3065 1273 3163 palatinus.
1332 3068 1381 3140 Et
1414 3100 1452 3143 κο
1559 3114 1560 3153 3

262 3198 346 3245 cum
367 3173 414 3244 de
434 3173 534 3245 curia
554 3171 721 3245 curiosus
741 3174 947 3257 exsisteret,
968 3191 1076 3246 nocte
1096 3174 1259 3269 quadam
1278 3175 1382 3247 videt

262 3279 298 3351 in
320 3279 459 3352 somnis
488 3280 619 3352 iratres
637 3280 850 3376 praedictos
878 3297 984 3353 extra
1004 3279 1125 3352 locum
1146 3281 1299 3353 lratrum
1319 3307 1383 3378 po·

263 3387 353 3459 sitos
381 3404 419 3459 et
448 3387 494 3458 ab
524 3412 653 3459 eorum
684 3386 871 3459 consortio
906 3404 1112 3483 separatos
1177 3386 1292 3459 Videt
1328 3389 1383 3459 in-

264 3519 376 3590 super
404 3518 469 3565 eos
488 3494 730 3566 comedentes
759 3494 795 3565 in
825 3520 912 3566 vase
940 3519 1139 3592 porcorum
1168 3493 1383 3589 turpissimo

159 3682 166 3695 ,
263 3618 301 3673 et
338 3600 540 3682 immundo,
578 3600 613 3671 in
653 3626 728 3697 quo
757 3600 879 3674 cicera
908 3601 1183 3673 manducabant
1211 3601 1383 3673 humanis
1412 3633 1449 3697 25

263 3707 488 3779 stercoribus
518 3707 778 3802 intermi[xt]a.
838 3708 1008 3780 Cernens
1037 3708 1107 3779 hoc
1137 3709 1248 3780 lrater
1270 3709 1384 3781 vehe-

201 3908 203 3913 .
265 3829 408 3886 menter
445 3814 646 3910 obstupuit,
683 3831 720 3886 et
758 3813 919 3887 diluculo
956 3839 1115 3911 surgens
1148 3816 1307 3911 amplius
1336 3815 1383 3887 de

265 3945 365 3993 curra
395 3945 468 3992 non
498 3938 650 3993 curavit.

336 4134 361 4183 8.
381 4131 489 4198 similia]
512 4133 532 4184 R
551 4130 615 4183 talia
689 4132 764 4195 8—15.
785 4130 819 4181 M
835 4148 885 4183 orn.
905 4130 1024 4184 Veniunt
1038 4160 1053 4168 -
1068 4129 1225 4182 hominibus
1301 4143 1339 4195 17.
1360 4130 1383 4180 A

265 4211 391 4263 Accurrit
410 4219 430 4262 et
449 4228 498 4263 om.
517 4211 609 4263 animo
706 4226 745 4280 19.
770 4212 799 4262 ll
819 4211 925 4263 illectus
1021 4224 1061 4275 25.
1083 4210 1111 4261 ,ll
1130 4227 1178 4261 om.
1199 4222 1224 4261 et
1242 4209 1384 4261 immundo

268 4289 308 4340 26.
329 4292 351 4341 A
373 4292 523 4342 intermissa
