3142 4875
594 358 699 406 BEATI
727 359 913 407 FRANClSCI
1237 361 1279 431 31
1296 360 1307 405 1

196 469 321 476 .-....
329 469 1312 478 -.—..-.-.—.———-—-—-—-———-—-

194 593 348 690 plicitas,
380 594 447 666 sed
475 619 520 666 ea
549 592 668 666 solum
697 618 794 689 quae
823 593 909 666 Deo
938 619 1006 666 suo
1036 609 1213 667 contenta
1233 621 1314 669 cae-

193 717 274 773 tera
302 700 506 798 vilipendit.
565 701 670 773 llaec
700 715 767 784 cst,
799 725 896 797 quae
916 699 952 773 in
980 702 1114 774 timore
1142 702 1215 775 Dei
1235 704 1314 801 glo·

194 808 318 886 riatur,
346 833 446 904 quae
476 808 613 881 malum
643 808 766 880 lacere
794 808 854 879 vel
875 807 1000 880 dicere
1021 808 1149 881 nescit.
1184 809 1313 909 *llaec

193 929 260 999 est,
294 939 389 1010 quae
427 940 511 987 sese
548 914 768 987 examinans
808 915 1035 988 condemnat
1071 941 1139 988 suo
1178 915 1314 989 iudicio

145 1046 163 1111 5
194 1020 392 1106 neminem,
420 1047 518 1118 quae
547 1019 688 1093 meliori
718 1021 885 1093 debitum
914 1021 1110 1118 imperium
1140 1023 1312 1109 reddens,

194 1128 390 1224 imperium
419 1128 563 1225 appetit
593 1126 744 1206 nullum.
802 1127 906 1200 llaec
941 1145 1007 1211 est,
1040 1154 1137 1225 quae
1157 1155 1314 1227 graecas

193 1235 334 1333 glorias
355 1260 428 1308 non
444 1234 605 1332 optimas
621 1235 814 1318 arbitrans,
837 1234 920 1331 plus
940 1235 1045 1334 eligit
1059 1237 1182 1310 lacere
1202 1263 1312 1334 quam

194 1339 349 1426 discere,
368 1342 427 1415 vel
442 1342 589 1415 docere.
648 1342 754 1415 llaec
774 1359 842 1422 est,
865 1343 1012 1438 quaein
1034 1344 1206 1416 omnibus
1226 1344 1314 1417 divi-

194 1448 251 1520 nis
265 1448 413 1546 legibus
423 1450 602 1522 verbosas
617 1450 808 1546 ambages,
822 1466 975 1522 ornatus
985 1466 1023 1522 et
1033 1450 1178 1535 faleras,
1193 1468 1314 1524 osten-

125 1578 164 1625 10
192 1555 355 1628 tationes
383 1570 421 1628 et
450 1556 682 1628 curiositates
711 1557 884 1653 perituris
913 1556 1137 1655 relinquens
1170 1559 1315 1654 quaerit

194 1687 269 1733 non
290 1661 465 1735 corticem
486 1663 552 1735 sed
569 1661 781 1746 medullam,
801 1689 873 1735 non
890 1678 1024 1736 testam
1044 1666 1111 1737 sed
1128 1664 1309 1748 nucleum,

194 1794 270 1841 non
300 1771 416 1841 multa
444 1770 512 1842 sed
542 1771 708 1852 multum,
731 1795 917 1842 summum
947 1787 985 1843 et
1004 1770 1135 1844 stabile
1160 1774 1311 1844 bonum.

193 1875 302 1948 Hanc
332 1876 366 1947 in
397 1876 570 1948 fratribus
598 1877 769 1949 litteratis
789 1895 826 1949 et
854 1876 957 1950 laicis
976 1877 1189 1975 requirebat
1209 1895 1315 1976 pater

192 1983 458 2067 sanctissimus
482 2009 556 2056 non
577 2008 659 2056 eam
680 1983 903 2056 contrariam
918 1984 1124 2080 sapientiae
1144 1987 1311 2069 credens,

124 2109 160 2173 15
192 2091 260 2161 sed
288 2115 377 2163 vere
414 2115 645 2188 germanam,
677 2090 763 2162 licet
791 2090 1017 2187 pauperibus
1046 2092 1201 2165 scientia
1230 2092 1313 2165 laci-

193 2194 323 2268 liorem
358 2196 407 2270 ad
441 2196 620 2277 habitum,
651 2198 920 2294 promptiorem
948 2200 996 2270 ad
1026 2224 1144 2272 usum.
1203 2197 1314 2271 Unde

193 2304 230 2374 in
246 2303 416 2376 laudibus
428 2328 521 2399 quas
535 2305 583 2375 de
598 2304 795 2376 virtutibus
812 2304 906 2388 lecit,
925 2305 978 2378 sic
992 2305 1060 2378 ait:
1072 2306 1168 2390 Ave,
1183 2307 1314 2404 regina

192 2408 386 2507 sapientia.
444 2410 666 2510 Dlomin]us
685 2427 723 2484 te
742 2413 861 2485 salvet
880 2438 964 2485 cum
985 2427 1047 2486 tua
1068 2438 1196 2486 sorore
1220 2440 1313 2511 pura

192 2533 322 2590 sancta
351 2517 597 2614 simplicitate.

619 2698 884 2705 ...Ἥ

118 2871 162 2919 20
330 2838 402 2935 [De
424 2838 558 2931 fratre
584 2840 724 2911 Ioanne
751 2840 948 2938 simplici]¹
1008 2841 1175 2913 CXLlll.

278 3072 360 3139 190.
391 3050 515 3123 Eunte
544 3068 673 3123 sancto
694 3052 893 3125 Francisco
914 3053 1016 3126 iuxta
1035 3053 1159 3127 villam
1186 3083 1311 3153 quam-

192 3157 278 3229 dam
308 3181 425 3254 prope
445 3158 641 3240 Assisium
663 3159 816 3254 quidam
841 3160 1009 3244 loannes,
1037 3162 1094 3233 vir
1122 3162 1311 3260 simplicis-

192 3263 317 3348 simus,
340 3263 402 3360 qui
431 3263 469 3336 in
497 3290 591 3361 agro
619 3268 759 3351 arabat,
782 3267 943 3339 occurrit
970 3267 1005 3341 ei
1034 3268 1182 3342 dicens:
1215 3270 1311 3343 Volo

192 3370 294 3467 quod
324 3396 383 3443 me
419 3370 570 3443 lratrem
606 3372 756 3455 efficias¹
789 3373 966 3469 quoniam
994 3400 1043 3447 ex
1077 3375 1192 3449 multo
1220 3393 1311 3449 tem-

119 3513 160 3578 25
190 3503 283 3574 pore
311 3478 397 3550 Deo
425 3478 565 3551 servire
594 3480 715 3575 cupio.
773 3481 936 3554 Gavisus
964 3500 1022 3554 est
1041 3499 1203 3567 sanctus
1227 3509 1310 3556 con-

191 3583 354 3657 siderata
387 3583 454 3658 viri
491 3585 739 3682 simplicitate.
797 3589 1081 3686 Responditque
1117 3590 1165 3662 ad
1202 3588 1311 3686 placi-

190 3706 289 3763 tum:
320 3691 360 3763 Si
395 3692 462 3776 vis,
494 3691 623 3789 inquit,
654 3694 776 3777 frater,
819 3711 945 3769 noster
980 3696 1103 3768 socius
1136 3695 1225 3779 fieri,
1264 3701 1311 3770 da

190 3799 417 3896 pauperibus
436 3800 466 3871 si
486 3801 576 3896 quid
605 3802 731 3885 habes,
754 3818 793 3874 et
812 3803 1091 3899 expropriatum
1120 3801 1308 3901 recipiam.

190 3903 309 3977 Solvit
336 3906 506 4002 protinus
534 3908 662 3993 boves,
689 3924 727 3980 et
751 3934 865 3980 unum
904 3909 1011 3981 offert
1039 3926 1169 3982 sancto
1198 3912 1311 3985 Fran-

119 4045 161 4110 30
191 4012 300 4091 cisc0.
359 4014 483 4097 Istum,
502 4015 603 4109 a[it],
624 4016 761 4087 bovem
791 4017 924 4088 demus
949 4016 1188 4112 pauperibus.
1246 4020 1310 4091 Di-

190 4145 288 4218 gnus
317 4119 415 4192 enim
445 4147 525 4193 sum
556 4123 603 4194 de
635 4122 780 4218 [rebus]
812 4123 927 4219 patris
956 4123 1028 4195 mei
1058 4140 1200 4197 tantam
1228 4153 1311 4223 por-

263 4343 428 4409 15.Rvero
505 4344 683 4397 18.ADeus
728 4343 761 4396 M
778 4363 826 4397 om.
841 4360 905 4414 pura
971 4345 1141 4399 21.llbento
1211 4347 1309 4415 mair]

190 4422 327 4475 Aautem
404 4437 445 4489 31.
465 4424 553 4492 rebus]
573 4426 598 4477 A
618 4424 695 4477 bonis
