3142 4875
270 347 343 414 244
642 349 814 397 LEGENDA
843 349 1009 400 SECUNDA

1121 458 1384 466 ffl———ww

264 580 354 653 dum
382 580 574 676 quiescere
603 581 714 652 vellet
743 580 779 652 in
807 581 971 677 quodam
1001 581 1188 655 domicilio
1218 582 1384 679 leproso·

264 713 357 771 rum,
388 686 548 758 innotuit
576 685 699 759 multis
727 686 904 760 transitus
931 688 999 759 viri
1028 689 1115 766 Dei.
1171 690 1384 763 Accurrunt

265 793 430 889 undique
457 792 524 865 viri
559 810 597 866 et
633 792 806 866 mulieres
834 794 962 867 videre
1000 795 1132 892 ipsum,
1164 812 1201 868 et
1239 795 1384 895 sol[it]a

264 900 466 974 devotione
498 899 717 997 contingere
753 900 957 996 cupientes.
1023 902 1124 995 Quid
1160 903 1283 975 enim?
1318 904 1385 974 At-

265 1024 425 1080 trectant
453 1005 553 1078 illum
583 1024 620 1079 et
647 1007 810 1092 trahunt,
832 1024 869 1080 et
889 1008 936 1080 de
957 1010 1082 1082 tunica
1102 1035 1170 1082 sua
1188 1010 1385 1082 succidunt
1412 1041 1430 1105 5

264 1113 423 1212 petiolas
450 1129 489 1186 et
516 1129 712 1209 reponunt.
771 1114 998 1187 insensibilis
1025 1116 1173 1189 videtur
1193 1117 1307 1189 bomo
1336 1117 1383 1188 ad

265 1221 449 1304 universa,
470 1236 509 1292 et
527 1221 628 1293 velut
648 1246 783 1316 corpus
802 1222 977 1294 exanime
1005 1223 1053 1296 de
1081 1223 1151 1295 hiis
1171 1249 1268 1320 quae
1291 1223 1385 1295 liunt

266 1326 354 1400 nihil
382 1327 552 1399 advertit.
609 1327 813 1424 Applicant
841 1328 994 1400 tandem
1022 1330 1070 1402 ad
1100 1329 1233 1414 locum,
1256 1333 1294 1403 et
1320 1331 1383 1402 diu

265 1434 338 1507 iam
368 1434 496 1530 Burgo
524 1431 662 1517 relict0,
694 1434 800 1530 quasi
829 1435 978 1508 aliunde
1008 1436 1235 1534 regrediens,
1266 1439 1384 1510 caele·
1563 1515 1564 1528 χ

265 1541 376 1614 stium
405 1541 678 1635 contemplator
706 1540 861 1613 sollicite
881 1543 1027 1638 quaerit
1053 1544 1204 1640 quando
1236 1545 1385 1641 propin·
1419 1573 1456 1619 10

205 1723 207 1726 ,
266 1663 382 1744 quent
409 1647 458 1719 ad
487 1648 665 1743 Burgum.

327 1993 501 2092 [Qualem
528 2017 564 2063 se
583 2002 669 2087 post
695 1993 897 2064 oratzbnem
916 1991 1142 2090 praebebat}
1202 1990 1319 2064 LXV.

348 2223 408 2290 99.
438 2197 602 2292 Quando
628 2222 652 2269 a
678 2194 832 2294 privatis
864 2198 1010 2270 redibat
1039 2197 1279 2281 orationibus,
1307 2198 1386 2295 qui·

265 2308 335 2379 bus
367 2331 465 2403 pene
495 2305 529 2376 in
559 2303 677 2376 virum
706 2304 863 2376 alterum
893 2305 1114 2388 mutabatur,
1146 2330 1387 2402 summopere

267 2413 441 2486 studebat
470 2438 511 2485 se
539 2410 696 2483 caeteris
734 2411 978 2495 conformare,
1019 2437 1066 2484 ne
1101 2410 1241 2510 ignitus
1269 2439 1387 2511 appa·
1419 2448 1456 2513 15

266 2545 362 2602 rens,
380 2544 471 2592 aura
486 2516 621 2590 favoris
635 2518 735 2613 quod
751 2517 913 2591 lucratus
929 2534 1009 2591 erat
1024 2517 1221 2592 amitteret.
1261 2519 1385 2616 Saepe

228 2659 230 2662 ·
266 2627 379 2699 etiam
408 2625 496 2697 talia
524 2623 763 2697 familiaribus
797 2624 909 2697 dixit:
942 2626 1106 2719 Quando
1143 2652 1273 2699 servus
1309 2626 1384 2697 Dei

166 2752 168 2756 ·
266 2758 377 2806 orans
405 2731 529 2827 aliqua
558 2757 654 2804 nova
683 2732 940 2805 consolatione
958 2732 1127 2805 visitatur
1155 2759 1178 2806 a
1205 2731 1381 2816 Domin0,

265 2855 467 2935 antequam
488 2856 597 2911 exeat
617 2840 664 2911 ab
684 2838 864 2922 oratione,
886 2839 1000 2912 debet
1019 2840 1068 2912 ad
1092 2838 1236 2912 caelum
1256 2839 1385 2912 oculos

267 2946 473 3030 sublevare,
504 2963 542 3017 et
584 2945 717 3018 iunctis
755 2945 927 3018 manibus
969 2946 1056 3018 Deo
1092 2945 1235 3020 dicere:
1272 2947 1384 3019 Istam
1415 2976 1457 3023 20
1563 2934 1564 3027 ᾗ

267 3052 559 3126 consolationem
589 3069 627 3125 et
661 3051 897 3125 dulcedinem
934 3052 1023 3124 mihi
1053 3054 1239 3150 peccatori
1268 3069 1306 3125 et
1334 3053 1386 3124 in-

268 3160 385 3258 digno
413 3160 459 3231 de
480 3161 585 3232 caelo
605 3159 744 3242 misisti,
768 3159 944 3242 Domine,
967 3177 1004 3231 et
1024 3185 1098 3257 ego
1118 3160 1265 3232 remitto
1285 3160 1383 3232 illam

267 3268 344 3351 tibi,
376 3283 416 3339 ut
443 3268 532 3338 mihi
561 3292 729 3338 reserves
758 3292 852 3348 eam,
876 3267 1052 3361 quoniam
1081 3292 1156 3363 ego
1180 3293 1261 3339 sum
1291 3266 1384 3339 latro

266 3374 430 3447 thesauri
451 3375 514 3446 tui.
563 3374 612 3445 Et
632 3374 784 3445 iterum:
808 3373 982 3458 Domine,
1000 3374 1105 3446 aufer
1122 3399 1145 3446 a
1165 3399 1224 3445 me
1244 3375 1384 3445 bonum

266 3500 372 3554 tuum
393 3482 428 3552 in
448 3481 520 3553 hoc
539 3478 700 3563 saeculo
724 3496 762 3551 ut
781 3506 950 3552 reserves
970 3480 1056 3552 mihi
1078 3478 1165 3553 illud
1185 3481 1221 3552 in
1248 3481 1381 3552 futuro.
1414 3512 1455 3578 25
1563 3512 1564 3515 ¹

267 3591 332 3671 lta,
365 3589 492 3684 inquit,
525 3588 648 3671 debet,
681 3603 721 3659 ut
749 3613 832 3658 cum
853 3587 930 3658 exit
950 3588 997 3659 ab
1022 3588 1200 3671 oratione,
1223 3588 1275 3659 sic
1297 3613 1385 3683 pau·

266 3694 458 3792 perculum
488 3710 526 3766 et
553 3711 791 3791 peccatorem
819 3693 900 3767 aliis
929 3720 969 3766 se
989 3695 1172 3775 ostendat,
1195 3719 1238 3766 ac
1258 3692 1288 3765 si
1310 3696 1385 3766 nul-

266 3801 339 3876 lam
368 3804 415 3874 sit
445 3827 579 3875 novam
607 3802 767 3898 gratiam
796 3819 1000 3873 assecutus.
1067 3800 1229 3873 Dicebat
1257 3802 1380 3873 enim:

266 3909 357 3982 Levi
379 3909 552 3981 mercede
581 3934 659 3980 rem
690 3906 973 4003 impretiabilem
994 3908 1178 4005 contingit
1200 3909 1383 3989 amittere,
1563 3974 1564 3997 ,

266 4034 304 4090 et
324 4017 424 4089 illum
445 4014 508 4112 qui
528 4016 631 4087 dedit
650 4016 697 4086 ad
718 4016 851 4087 iterum
882 4040 955 4086 non
984 4015 1149 4087 dandum
1179 4014 1284 4088 facile
1304 4040 1385 4110 pro·
1417 4048 1455 4113 30
1487 4024 1490 4029 ’
1563 4012 1564 4041 ³

266 4148 412 4196 vocare.
472 4123 647 4218 Denique
677 4123 732 4193 sui
771 4122 884 4194 moris
922 4140 1001 4194 erat
1029 4139 1104 4195 tam
1134 4121 1277 4205 furtive,
1309 4138 1385 4193 tam

342 4320 471 4387 3‚Asola
549 4323 916 4392 1o-11..llappropinquent
989 4338 1030 4375 ao.
1047 4324 1075 4374 ‚ll
1089 4321 1211 4374 Domino
1285 4322 1382 4389 aaut]

270 4400 343 4450 llet
415 4399 605 4469 26.nt]l<et
679 4402 720 4455 28.
741 4404 770 4454 ll
791 4414 953 4454 consecutus
1028 4417 1120 4473 30-31.
1141 4404 1172 4455 M
1191 4402 1332 4471 provocari
