3142 4875
241 332 319 398 440
596 334 780 383 (lPUSCUlA
809 336 1006 385 LITURGICA

946 444 1361 454 ———--—-—-——-—

239 584 369 664 pterea
389 566 580 649 mundum,
603 566 769 661 martyrii
790 567 912 663 gratia
930 564 1081 640 dissolvi
1102 565 1203 663 eupit
1217 582 1256 640 et
1275 593 1360 640 esse

240 699 324 746 cum
358 672 520 746 Christo.
591 672 734 745 Versus
761 672 1015 746 Marrochium
1044 674 1173 770 arripit
1202 673 1280 759 iter,
1320 691 1360 748 ut

239 780 477 853 Miramolino
514 779 594 877 regi
624 798 664 852 et
697 779 895 853 Saracenis
933 779 1070 853 Christi
1108 780 1360 877 Evangelium

240 885 448 984 praedicet;
470 887 536 958 sed
556 887 603 958 ad
624 885 766 960 ltaliam
796 902 994 960 revocatus
1011 888 1204 960 voluntate
1219 888 1357 972 divina,

240 993 514 1066 tertiodecimo
529 992 783 1066 conversionis
812 1018 903 1066 suae
930 1019 1040 1072 anno,
1072 995 1120 1066 ad
1140 1011 1266 1090 partes
1290 993 1358 1090 Sy·
1391 1027 1410 1090 5

239 1101 317 1174 riae
332 1099 466 1197 pergit,
480 1099 630 1172 festinat
644 1100 692 1172 ad
708 1099 924 1183 Soldanum
942 1100 1112 1173 atteritur
1126 1100 1355 1185 verberibus,

239 1206 443 1289 lacessitur,
472 1206 665 1303 praedicat
694 1206 895 1290 Christum,
929 1206 1126 1280 remittitur
1153 1224 1280 1281 tamen
1309 1209 1358 1280 ab

239 1314 450 1387 infidelibus
477 1314 525 1386 ad
554 1311 693 1386 fideles

321 1443 355 1510 9.
387 1419 652 1517 Magnificatur
679 1421 727 1492 ab
755 1419 940 1503 omnibus,
971 1420 1105 1493 crescit
1132 1421 1298 1517 quotidie
1319 1421 1357 1493 in

239 1554 335 1610 eum,
367 1526 440 1599 Dei
470 1543 571 1608 nutu,
603 1525 697 1599 fides
724 1543 762 1598 et
791 1527 942 1600 devotio
962 1527 1102 1623 populi.
1159 1527 1359 1601 Concurrit
1396 1561 1438 1608 10

238 1634 360 1707 omnis
379 1634 493 1706 homo
513 1634 560 1706 ad
575 1633 776 1706 videndum
798 1658 895 1714 eum,
913 1635 1111 1707 obtruncat
1130 1636 1358 1731 quandoque

239 1740 502 1813 vestimentum
531 1740 612 1813 eius
639 1742 688 1813 ob
716 1740 926 1812 devotionis
954 1764 1133 1819 amorem.
1190 1740 1249 1814 Fit
1268 1766 1361 1814 con-

239 1846 362 1920 versio
379 1847 579 1919 multorum
599 1846 647 1920 ad
667 1846 804 1930 Deum,
822 1864 983 1944 augetur
997 1847 1165 1944 quotidie
1181 1873 1360 1921 numerus

240 1955 443 2027 immensus
458 1954 622 2025 fratrum.
681 1954 894 2026 Procedunt
912 1953 1071 2039 obviam,
1094 1972 1132 2027 et
1152 1982 1236 2028 cum
1250 1958 1360 2028 arbo·

240 2087 319 2134 rum
349 2061 462 2133 ramis
490 2060 705 2132 solemniter
734 2060 855 2156 ipsum
875 2062 1060 2157 recipiunt
1078 2061 1233 2158 pulsatis
1262 2087 1360 2135 cam·
1398 2099 1438 2162 15

238 2167 364 2265 panis;
405 2166 642 2239 confunditur
678 2167 867 2240 haeretica
904 2167 1067 2263 pravitas
1104 2186 1141 2241 et
1175 2169 1361 2243 catholica

241 2275 332 2347 fides
360 2275 558 2346 extollitur.
616 2273 677 2345 De
696 2275 858 2370 puritate
878 2274 1001 2346 cordis
1029 2274 1116 2347 facit
1134 2276 1203 2347 sibi
1223 2277 1361 2348 securi-

240 2397 355 2454 tatem
376 2378 525 2454 dicendi
545 2404 776 2463 sermonem3
802 2381 970 2479 [eadem]
994 2381 1129 2455 mentis
1148 2382 1361 2456 constantia

239 2489 376 2561 multos
413 2505 453 2560 ut
480 2513 621 2585 paucos
640 2487 850 2584 alloquitur,
910 2489 1082 2562 Offerunt
1110 2490 1143 2562 ei
1173 2515 1291 2586 panes
1310 2492 1361 2562 ad

238 2594 547 2677 benedicendum,
579 2594 714 2691 quibus
744 2595 859 2692 longo
887 2612 1057 2691 tempore
1077 2596 1286 2681 reservatis,
1309 2598 1361 2669 ad
1393 2633 1439 2679 20

238 2727 367 2775 eorum
397 2716 549 2797 gustum
579 2702 713 2774 infirmi
736 2718 926 2774 sanantur.

251 2840 255 2845 ¹
325 2833 379 2880 10.
411 2808 676 2881 Miraculorum
697 2809 779 2880 luce
799 2833 1000 2882 coruscans
1019 2834 1155 2906 aquam
1175 2811 1362 2883 convertit

238 2916 273 2988 in
302 2914 440 2987 vinum.
499 2913 644 2988 Claudo
673 2914 819 2988 cuidam
857 2916 893 2987 in
926 2914 1151 3015 Tuscanella
1187 2942 1361 3014 gressum

240 3022 415 3103 restituit;
446 3023 547 3118 apud
581 3022 761 3095 Narnium
796 3022 1039 3118 paralyticum
1070 3039 1191 3106 curat;
1220 3024 1361 3097 ibidem

238 3128 381 3201 mulieri
397 3154 542 3210 caecae,
557 3129 671 3225 pulsis
687 3128 875 3200 veteribus
890 3130 1064 3214 tenebris
1082 3130 1204 3203 reddit
1219 3129 1359 3203 lumen.
1394 3167 1436 3232 25

239 3237 280 3308 In
303 3235 480 3333 Eugubio
510 3235 701 3308 mulierem
721 3254 829 3308 sanat
850 3253 1089 3308 contractam.
1151 3237 1359 3334 [Fratrem]

239 3344 439 3439 quemdam
470 3367 686 3438 percussum
715 3368 738 3415 a
766 3344 951 3415 daemone
971 3343 1194 3415 incolumem
1224 3345 1359 3417 reddit.

239 3448 417 3522 Mulieres
444 3450 625 3546 quasdam
654 3449 745 3522 alias
774 3450 903 3545 spiritu
935 3449 1099 3548 maligno
1127 3466 1283 3523 vexatas
1311 3452 1361 3524 ad

239 3581 389 3629 sensum
419 3572 570 3628 revocat
589 3573 628 3628 et
646 3556 816 3628 salutem.
877 3556 956 3651 [Ob
977 3557 1211 3630 sanctitatem
1235 3559 1358 3657 suam]

241 3663 358 3735 morbi
397 3662 499 3734 multi
529 3681 716 3745 sanantur,
758 3664 977 3760 multiplicat
1014 3665 1050 3735 in
1089 3663 1173 3737 navi
1206 3664 1360 3749 cibaria,
1400 3702 1444 3768 30

241 3770 507 3866 naufragantes
527 3769 628 3842 ducit
660 3771 708 3842 ad
737 3786 897 3865 portum.
955 3770 1111 3843 Summa
1138 3770 1264 3844 studet
1297 3773 1364 3845 de·

238 3877 389 3949 votione
433 3876 599 3948 recolere
644 3893 788 3961 cuncta,
836 3902 934 3971 quae
983 3877 1153 3950 Christus
1200 3878 1286 3950 fecit
1325 3880 1364 3952 in

239 4008 361 4067 carne,
397 3999 434 4055 et
463 3982 515 4054 sic
549 3983 597 4056 ad
631 3982 778 4080 singula
811 3982 975 4056 intentus
1004 3984 1172 4067 efficitur,
1201 4002 1242 4055 ut
1271 3983 1366 4060 nihil

310 4224 333 4262 2.
355 4209 378 4261 C
396 4210 505 4278 arripuit
581 4209 637 4275 5-6.
660 4209 741 4264 Com.
755 4212 835 4264 terrio
851 4241 864 4251 -
881 4211 987 4263 festinat
1003 4219 1025 4263 at
1044 4211 1086 4279 leg.
1104 4210 1136 4262 ad
1149 4208 1303 4263 Soldanum
1319 4229 1370 4267 ac-

240 4289 309 4339 cedit
328 4297 349 4340 et
368 4308 430 4357 quae
449 4298 583 4358 sequuntur
601 4294 646 4343 vix
665 4292 712 4359 fugi
723 4299 827 4361 possunt
846 4292 878 4343 ud
894 4292 937 4343 lin.
952 4310 990 4357 14.
1009 4291 1163 4343 Procedunt
1233 4290 1312 4344 18ss
1332 4311 1371 4347 ea

241 4366 282 4418 26.
304 4366 435 4436 Fratrem]
462 4369 485 4422 C
506 4371 552 4437 legi
577 4373 667 4439 incutit.
778 4388 818 4433 zu.
847 4372 905 4440 [Ob
932 4372 1102 4424 sanctitatem
1127 4369 1219 4440 suam]
1247 4371 1372 4429 Cvalde

241 4448 335 4496 obscur.
350 4448 456 4513 sunau:
479 4448 530 4499 Per
550 4451 633 4501 sancti
653 4464 757 4503 tactum
