3142 4875
620 353 724 401 naun
753 354 939 402 rnnucrscr
1261 353 1309 420 42
1317 356 1336 423 3

221 460 503 468 --—-—--—--—---.

221 583 343 660 currit.
363 584 575 658 miseranda
590 585 684 658 facie
700 610 832 659 manus
846 586 880 658 ei
897 601 1107 659 contractas
1122 587 1337 659 ostendens,

222 691 344 788 Super
371 716 483 787 quam
512 691 652 788 pietate
673 709 876 789 permotus,
900 718 1031 765 manus
1051 693 1131 765 eius
1159 694 1284 791 tetigit
1303 710 1342 765 et

222 798 376 871 sanavit.
434 797 570 871 Mulier
597 814 734 881 autem,
765 799 889 873 statim
918 799 1067 872 rediens
1095 801 1259 883 domum,
1282 825 1340 872 ca·

222 920 364 977 seatam
393 907 505 977 unam
535 904 693 1002 propriis
731 908 901 979 manibus
929 907 1154 980 laetabunda
1182 908 1337 1004 paravit,

175 1038 192 1102 5
223 1036 383 1107 eamque
419 1010 553 1084 obtulit
589 1028 719 1085 sancto
754 1012 844 1085 viro.
903 1013 988 1110 lpse
1022 1038 1112 1086 vero
1141 1039 1341 1111 parumper

222 1143 270 1189 ex
299 1143 345 1191 ea
372 1118 588 1215 suscipiens
620 1121 669 1192 ob
698 1118 937 1193 devotionem
966 1118 1133 1194 intimam
1164 1119 1337 1202 mulieris,

224 1223 405 1320 reliquum
434 1225 539 1297 iussit
568 1250 650 1298 earn
680 1252 765 1298 cum
793 1225 931 1299 familia
959 1227 1195 1299 manducare.

310 1334 392 1423 178.
423 1333 486 1404 nd
515 1332 702 1405 civitatem
730 1332 932 1406 Orteusem
949 1332 1151 1428 aliquando
1180 1333 1342 1430 hospita·

224 1457 328 1511 turus
356 1439 518 1521 advenit,
556 1466 640 1512 cum
677 1465 771 1537 puer
800 1439 961 1537 quidam,
990 1440 1148 1512 lacobus
1177 1440 1339 1524 nomine,

157 1570 195 1617 ιο
224 1544 527 1643 conglomeratus
554 1547 616 1618 diu
646 1546 782 1628 iacens,
816 1571 940 1619 coram
967 1572 1014 1619 eo
1043 1547 1239 1620 sanitatem
1270 1571 1343 1620 una

224 1678 307 1725 cum
337 1651 553 1749 parentibus
577 1655 777 1751 expetebat
796 1678 818 1726 a
837 1670 978 1727 sancto.
1036 1653 1224 1727 Diuturna
1244 1678 1343 1725 nam-

224 1784 298 1855 que
326 1759 537 1832 infirmitate
558 1775 670 1855 caput
689 1759 850 1857 genibus
868 1762 1041 1857 portabat
1069 1759 1284 1858 applicitum
1305 1775 1344 1832 et

224 1891 310 1938 ossa
339 1864 513 1938 nonnulla
542 1867 730 1939 confracta
759 1867 926 1965 gerebat.
984 1866 1103 1964 Signo
1131 1867 1257 1963 itaque
1277 1868 1342 1938 be-

225 1972 446 2045 nedictionis
473 1999 495 2045 a
523 1988 653 2045 sancto
680 1973 880 2046 Francisco
909 1990 1094 2070 suscepto,
1126 1972 1162 2046 in
1192 1973 1341 2046 instanti

157 2106 195 2172 15
225 2079 474 2176 deglomerari
504 2079 638 2176 coepit,
669 2097 706 2151 et
735 2081 901 2176 perfecte
929 2096 1108 2154 extensus
1136 2080 1276 2178 optime
1305 2079 1343 2151 li·

226 2186 375 2259 beratus
404 2186 480 2258 fuit.

312 2314 396 2383 179.
425 2293 533 2366 Alius
562 2293 729 2366 eiusdem
748 2293 878 2367 accola
898 2294 1067 2373 civitatis.
1098 2311 1275 2367 strumam
1296 2294 1343 2367 ad

226 2400 523 2498 magnitudinem
553 2400 679 2499 magni
717 2400 824 2498 panis
859 2401 954 2474 inter
987 2401 1159 2499 scapulas
1193 2426 1341 2498 gerens

224 2509 395 2605 signatus
423 2533 445 2579 a
473 2525 604 2581 sancto
633 2508 843 2593 Francisc0,
875 2510 927 2581 sic
956 2510 1023 2581 fuit
1051 2510 1098 2581 de
1119 2509 1242 2582 subito
1271 2508 1344 2605 ple·

153 2637 196 2684 20
227 2615 328 2688 narie
356 2614 543 2698 liberatus,
566 2632 607 2688 ut
627 2640 696 2688 nec
715 2616 917 2714 vestigium
946 2617 1097 2712 aliquod
1121 2632 1342 2688 remaneret.

311 2724 393 2793 180.
416 2722 455 2793 ln
473 2721 644 2818 hospitali
667 2721 837 2797 Civitatis
858 2722 1020 2805 Castelli‚
1044 2740 1153 2796 notus
1172 2723 1345 2795 omnibus

225 2829 378 2911 iuvenis,
404 2854 471 2925 per
499 2846 643 2925 septem
681 2854 800 2902 annos
834 2845 1056 2910 contractus,
1096 2854 1162 2926 per
1191 2829 1343 2901 humum

226 2935 330 3031 quasi
368 2937 489 3008 bestia
523 2962 563 3008 se
597 2937 780 3014 trahebat.
838 2938 909 3009 Pro
947 2963 1022 3034 quo
1061 2953 1179 3010 mater
1216 2952 1344 3008 saneto

226 3042 426 3115 Francisco
456 3042 687 3139 frequentius
715 3043 937 3141 supplicavit
966 3060 1006 3116 ut
1035 3044 1203 3141 reptilem
1229 3042 1341 3114 filium

135 3172 175 3237 25
225 3149 370 3245 gressui
390 3166 590 3246 repararet.
651 3149 823 3246 Cumque
842 3166 970 3222 votum
991 3151 1168 3223 emissum
1192 3167 1344 3223 sanctus

226 3255 416 3352 exciperet
430 3273 468 3329 et
483 3256 670 3353 precantis
680 3256 808 3330 matris
819 3257 982 3354 gemitus
998 3258 1201 3340 exaudiret,
1220 3256 1344 3329 statim

226 3362 469 3435 monstruosis
488 3362 644 3436 vinculis
671 3364 852 3447 resolutis,
876 3362 1032 3437 naturali
1057 3363 1216 3436 restituit
1231 3363 1345 3436 filium

225 3468 395 3542 libertati.

312 3578 393 3647 181.
426 3576 614 3659 praxedis,
638 3576 895 3674 religiosarum
917 3578 1164 3651 famosissima
1185 3577 1220 3648 in
1242 3574 1343 3646 Urbe

157 3704 196 3770 30
225 3706 268 3755 ac
288 3685 379 3755 orbe
400 3683 581 3765 Romano,
605 3709 701 3780 quae
725 3710 748 3756 a
767 3685 903 3758 tenella
924 3685 1076 3757 infantia
1097 3710 1174 3767 sua,
1191 3699 1345 3781 propter

224 3791 365 3861 aeterni
386 3790 521 3888 Sponsi
541 3816 719 3873 amorem,
743 3817 891 3864 carcere
911 3808 1014 3864 arcto
1038 3817 1078 3862 se
1104 3816 1171 3886 per
1191 3791 1346 3886 quadra-

226 3896 331 3992 ginta
351 3897 422 3970 iam
443 3898 520 3970 fere
540 3922 658 3970 anuos
678 3898 882 3979 abdiderat,
905 3899 1004 3993 apud
1034 3913 1203 3969 sanctum
1233 3897 1345 3968 Fran-

226 4002 364 4076 ciscum
398 4004 653 4078 familiaritatis
687 4006 847 4101 gratiam
885 4004 1104 4077 commeruit
1132 4003 1342 4100 specialem.

298 4238 393 4291 29-30.
406 4223 533 4276 Praxedis
543 4252 558 4263 ·
567 4223 706 4292 Romano]
720 4226 770 4276 ΡΑ
788 4222 924 4289 Religiosa
936 4222 1068 4292 quaedam
1145 4237 1211 4288 31-3
1225 4224 1260 4289 (p.
1272 4222 1345 4286 424).

227 4302 506 4371 carcere-chordam]
532 4303 582 4355 ΡΑ
609 4319 655 4373 per
680 4303 789 4371 triginta
816 4306 868 4352 iam
896 4300 948 4353 fere
978 4318 1063 4353 annos
1087 4316 1195 4351 carcerc
1218 4316 1246 4350 se
1270 4315 1345 4351 arcto

224 4381 370 4445 abdiderat,
395 4381 464 4433 beati
493 4381 639 4445 Francisci,
666 4381 730 4433 dum
760 4382 871 4443 viveret,
898 4380 1025 4432 solarium
1055 4378 1243 4430 familiaritatis
1271 4394 1342 4428 com-

226 4461 331 4512 meruit.
