3142 4875
245 352 289 421 72
561 411 566 421 ⁸
640 353 811 402 tantuna
839 354 950 402 annm

241 464 453 472 ——.-.-.....-
461 463 513 469 ——-
517 463 1093 471 ...Μ
1097 462 1362 470 -ι-ώ--η

238 589 301 685 qui
331 601 411 662 erat
438 609 575 669 secum,
608 585 768 683 experiri
798 586 929 660 volens
949 603 1071 660 utrum
1097 588 1193 661 soret
1210 587 1361 661 daemo-

239 696 351 778 nium,
383 720 431 767 an
460 693 634 790 deceptio
664 693 864 766 muliebris.
923 694 1048 788 Quem
1077 693 1210 767 videns
1230 695 1362 767 mulier

239 801 299 874 illa
336 800 460 898 coepit
488 800 660 873 deridere
696 800 828 896 ipsum,
860 800 982 873 sciens
1010 817 1181 874 sanctum
1211 801 1361 874 Franci·

237 935 340 982 scum
370 906 522 980 minime
552 907 641 980 sore.
699 908 810 980 Pater
838 924 989 980 sanctus
1017 907 1115 984 intus
1135 924 1216 980 erat
1234 932 1356 993 orans,

238 1015 415 1111 finitaque
434 1013 603 1087 oratione
624 1015 723 1086 foras
743 1013 869 1087 exivit.
926 1013 1062 1087 Mulier
1088 1030 1214 1087 autem
1235 1016 1361 1111 coepit
1391 1043 1409 1106 5

236 1137 397 1195 tremere
425 1146 469 1194 ac
498 1120 656 1194 volutari
686 1146 799 1217 super
818 1136 966 1204 terram,
990 1145 1063 1194 non
1084 1121 1272 1194 sustinens
1289 1123 1360 1195 vir·

236 1245 353 1302 tutem
384 1227 474 1299 eius.
534 1228 658 1321 Quam
675 1252 815 1300 vocans
830 1228 879 1300 ad
894 1253 934 1300 se
956 1243 1107 1301 sanctus
1136 1228 1359 1302 Franciscus

236 1335 347 1408 dixit:
397 1335 436 1406 In
456 1334 592 1406 virtute
612 1333 848 1407 obedientiae
864 1334 1053 1432 praecipio
1066 1335 1143 1418 tibi,
1167 1336 1358 1409 immunde

235 1442 397 1538 spiritus,
418 1439 479 1512 exi
507 1440 555 1514 ab
584 1466 640 1513 ea.
699 1439 773 1535 Qui
791 1442 985 1513 confestim
1006 1441 1145 1513 dimisit
1163 1466 1258 1525 eam,
1277 1441 1358 1516 sine

235 1547 359 1645 aliqua
378 1547 553 1630 laesione,
575 1546 665 1620 satis
685 1539 990 1646 indignabundus
1014 1550 1206 1621 recedens.
1264 1547 1358 1622 Gra-
1390 1574 1431 1619 10

235 1655 306 1728 tias
334 1654 583 1752 omnipotenti
611 1654 707 1738 Deo,
731 1654 794 1750 qui
824 1654 948 1727 omnia
969 1655 1004 1727 in
1025 1653 1199 1728 omnibus
1227 1680 1356 1752 opera·

233 1777 304 1834 tur.
362 1761 503 1833 Verum
533 1761 621 1857 quia
655 1785 729 1833 non
765 1760 952 1845 miracula,
988 1787 1086 1857 quae
1119 1762 1355 1834 sanctitatem

235 1894 309 1952 non
339 1867 478 1941 faciunt
505 1867 572 1941 sed
602 1869 816 1953 ostendunt,
846 1868 913 1941 sed
942 1869 1067 1964 potius
1094 1867 1364 1942 excellentiam*

232 1976 332 2049 vitae
360 2001 404 2049 ac
433 1973 720 2048 sincerissimam
751 1975 1045 2048 conversationis
1061 1976 1354 2072 ipsius-sormam

232 2082 466 2156 decrevimus
498 2082 711 2179 explanare,
743 2080 813 2154 hiis
846 2107 935 2178 prae
965 2081 1156 2155 nimietate
1194 2074 1352 2168 omissis,
1391 2101 1447 2165 ¹5.

233 2206 408 2263 aeternae
436 2187 566 2263 salutis
594 2213 708 2285 opera
739 2204 963 2262 retexemus.

661 2401 927 2409 —————-—-——-

146 2654 148 2657 -
233 2599 293 2670 De
319 2599 491 2671 claritate
516 2609 551 2670 et
576 2600 783 2672 constantio
808 2599 941 2670 montis
958 2599 1039 2669 eius
1055 2608 1091 2670 ct
1107 2599 1151 2670 do
1160 2596 1354 2693 praedica-

312 2715 409 2787 tione
426 2741 549 2787 coram
568 2716 715 2787 dorm‘no
733 2716 843 2811 Papo
861 2715 1033 2787 Honorio
1044 2747 1057 2795 ,·
1076 2723 1110 2785 ot
1122 2714 1296 2810 quomodo
1318 2739 1355 2786 se

311 2840 345 2902 ot
354 2833 506 2926 fratres
530 2830 714 2928 commisit
739 2831 887 2902 domino
910 2829 1075 2925 Hugonz‘
1099 2830 1257 2925 opz'scopo
1275 2829 1354 2902 Ho-

309 2948 450 3025 stz‘ensz‘.
510 2945 667 3018 XXVII.
951 2956 956 2961 ’
1383 2971 1427 3019 20

315 3178 373 3250 71.
416 3159 500 3232 <Vir
527 3160 600 3233 Dei
630 3158 851 3233 Franciscus
888 3159 1021 3231 doctus
1057 3174 1139 3231 erat
1176 3183 1249 3231 non
1285 3183 1353 3231 sua

229 3292 422 3363 quaerere,
444 3266 510 3340 sed
540 3292 637 3362 quae
657 3266 813 3339 aliorum
833 3263 940 3338 saluti
961 3265 1163 3362 praecipue
1182 3280 1352 3338 cerneret

229 3373 428 3470 expedire;
459 3399 572 3471 super
599 3373 724 3446 omnia
751 3389 878 3446 tamen
912 3371 1151 3445 desiderabat
1185 3371 1349 3457 dissolvi,

126 3520 130 3528 ·
229 3497 267 3553 et
295 3505 378 3554 esse
407 3506 490 3553 cum
522 3478 683 3553 Christo.
741 3481 945 3576 Propterea
972 3504 1159 3551 summum
1178 3478 1258 3551 eius
1278 3493 1351 3551 stu·

229 3587 331 3661 dium
359 3604 441 3661 erat
472 3587 520 3660 ab
549 3588 732 3666 omnibus,
764 3610 862 3683 quae
892 3585 927 3656 in
958 3588 1098 3658 mundo
1130 3601 1227 3670 sunt,
1258 3585 1351 3658 liber
1380 3609 1423 3677 25

228 3693 421 3777 exsistere,
454 3719 509 3773 ne.
532 3695 592 3767 vel
611 3695 660 3767 ad
679 3695 823 3779 horam,
846 3693 1073 3790 contagione
1097 3691 1253 3765 alicuius
1272 3690 1350 3790 pul-

301 3931 519 4001 1.erat]0sfu³t
563 3933 654 3986 Hom.
674 3931 770 3984 volens
818 3929 901 4001 foret]
918 3931 963 3985 As
976 3942 1063 3991 essen·
1081 3931 1123 3984 Or
1139 3943 1196 3983 erat
1269 3946 1292 3983 2.
1313 3931 1349 3995 L,

227 4013 331 4077 0x,M
344 4014 465 4066 mulieris
541 4029 562 4078 ς.
579 4013 626 4066 AS
637 4011 682 4066 fin.
699 4014 757 4064 eius
773 4028 813 4066 or.
864 4013 899 4065 Os
914 4029 963 4063 om.
979 4009 1052 4064 foras
1125 4010 1150 4063 6.
1170 4011 1216 4065 As
1232 4008 1350 4065 fremere

226 4095 268 4148 Ox
281 4096 412 4147 sustinere
426 4093 519 4146 valens
592 4092 715 4161 7.Rom.
730 4109 759 4145 se
833 4094 856 4144 8.
871 4092 915 4145 AS
927 4110 975 4148 om.
988 4092 1054 4143 dixit
1131 4107 1224 4161 12-13.
1246 4092 1349 4145 Ornon

225 4173 354 4226 miracula
374 4175 545 4227 sanctitatem
559 4171 661 4225 faciunt
676 4173 723 4226 sed
739 4175 895 4235 ostendunt,
909 4173 999 4243 potius
1058 4186 1097 4239 ¹3·
1114 4169 1228 4240 faciunt]
1241 4171 1272 4224 H
1285 4187 1350 4243 ope·

226 4266 318 4306 rantur
372 4253 601 4307 Lexrollentiam
679 4269 716 4318 14.
737 4253 841 4318 AM
861 4253 917 4306 eius
994 4250 1033 4304 16.
1052 4251 1091 4315 E,
1109 4250 1154 4315 H,
1176 4251 1232 4315 Ox,
1260 4250 1294 4303 W
1310 4269 1349 4306 re-

227 4345 364 4395 raxemus,·
376 4335 407 4386 M
415 4345 581 4387 retraxenrus
639 4349 678 4402 17.
689 4336 843 4387 constantia
854 4332 953 4385 mentis
963 4331 1031 4400 eius]
1042 4332 1083 4385 Ox
1093 4330 1285 4384 tentationibus
1295 4332 1350 4386 suis

231 4414 323 4497 13-19.
344 4414 424 4466 Osse
443 4412 537 4466 fratres
556 4430 663 4486 quoque
683 4430 706 4467 c.
780 4429 821 4480 25.
843 4414 884 4467 Ox
903 4428 972 4483 quae
993 4411 1086 4464 mundi
1105 4427 1125 4464 s.
1176 4412 1199 4464 E
1216 4410 1331 4465 liberum
