3142 4875
632 286 737 334 BEATI
766 285 952 333 FRANCISCI
1281 282 1350 353 103

231 627 413 717 Qualiter
436 626 542 720 apud
566 627 728 697 Reotum
755 626 944 697 civitatem
974 625 1231 720 receptusfm't
1248 651 1272 696 a
1291 626 1355 697 do·

310 743 412 812 mino
430 742 595 837 Hugone
607 740 809 813 Hoslr'ensz'
824 741 993 835 apocopa,
1015 751 1049 812 el
1074 741 1247 835 quomodo
1265 766 1354 841 sons

308 869 387 930 ctus
413 883 496 929 rum
517 856 795 951 pronuntiabat
809 857 999 952 futurum
1018 858 1221 952 episcopum
1240 852 1353 929 totz‘ds

310 974 455 1045 mundi.
514 972 559 1043 V.

178 1208 198 1271 5
269 1178 270 1181 ¹
311 1211 372 1278 99.
405 1187 561 1259 Factum
592 1203 649 1258 est
677 1202 814 1270 autem,
847 1212 930 1259 cum
967 1185 1093 1283 plures
1128 1187 1353 1258 accederent

229 1294 306 1366 suis
335 1319 421 1366 eum
451 1292 761 1366 medicaminibus
790 1292 979 1378 adiuvare,
1012 1318 1085 1365 non
1116 1295 1269 1365 invento
1298 1319 1353 1365 re-

228 1400 365 1479 medio,
388 1399 547 1472 accessit
576 1401 622 1472 ad
652 1399 841 1472 civitatem
871 1400 1082 1482 Reatinam,
1101 1400 1143 1472 in
1163 1425 1236 1495 qua
1257 1399 1352 1472 illius

228 1506 452 1579 infirmitatis
489 1506 677 1579 curandae
718 1507 852 1578 morari
892 1507 948 1578 vir
975 1506 1219 1602 peritissimus
1254 1507 1352 1579 dice·

228 1614 349 1685 batur.
408 1613 655 1686 Perveniente
684 1612 797 1711 igitur
825 1639 872 1685 eo
902 1614 1050 1694 ibidem,
1074 1612 1237 1710 benigne
1263 1613 1352 1686 satis

156 1741 199 1787 10
229 1736 268 1792 et
296 1719 501 1792 honorifice
539 1736 735 1816 susceptus
769 1736 827 1792 est
864 1745 886 1793 a
924 1736 1002 1793 tota
1035 1722 1207 1792 Romana
1237 1720 1372 1804 curia,-

228 1853 325 1923 quae
364 1827 400 1899 in
438 1826 573 1900 eadem
612 1827 762 1900 civitate
797 1843 885 1899 tunc
915 1826 1094 1923 temporis
1123 1828 1348 1911 morabatur,
1396 1886 1407 1907 ,

228 1933 429 2031 praecipue
466 1951 594 2006 tamen
622 1959 645 2007 a
674 1933 828 2006 domino
857 1934 1034 2031 Hugone,
1067 1933 1246 2030 episeopo
1275 1933 1351 2005 Ho-

227 2041 368 2123 stiensi,
399 2040 641 2114 devotissime
670 2058 869 2137 susceptus
889 2057 956 2124 cst,
980 2040 1042 2136 qui
1063 2065 1208 2111 morum
1238 2040 1352 2111 hone-

211 2149 214 2157 ’
228 2165 324 2220 state
345 2173 387 2219 ac
404 2148 600 2221 sanctitate
614 2148 713 2220 vitae
730 2147 893 2219 maxime
909 2147 1180 2243 praefulgebat.
1239 2147 1350 2218 Hunc

155 2275 197 2339 15
227 2281 319 2328 vero
347 2256 481 2327 beatus
516 2254 738 2327 Franciscus
768 2258 913 2350 patrem
943 2271 980 2326 et
1007 2254 1198 2325 dominum
1228 2254 1351 2350 elege-

228 2379 286 2434 rat
308 2386 421 2458 super
441 2361 651 2433 universam
681 2362 903 2458 religionem
933 2379 971 2433 et
999 2360 1168 2433 ordinem
1197 2361 1350 2432 fratrum

227 2494 390 2553 suorum,
431 2496 479 2542 ex
520 2494 675 2541 assensu
711 2486 749 2541 et
785 2471 976 2541 voluntate
1013 2467 1152 2541 domini
1193 2467 1349 2539 Honotii

228 2577 362 2674 Papae,
382 2602 428 2649 eo
449 2576 549 2672 quod
570 2575 620 2648 illi
640 2577 751 2648 beata
770 2592 972 2671 paupertas
988 2575 1143 2647 multum
1164 2576 1347 2671 placebat,

227 2699 265 2756 et
285 2699 414 2755 sancta
433 2682 649 2779 simplicitas
669 2683 705 2753 in
726 2682 889 2755 maxima
904 2682 1112 2755 reverentia
1133 2683 1347 2754 exsistebat.

153 2810 198 2857 20
231 2789 403 2861 Glorioso
432 2790 642 2861 humilitas.
703 2789 974 2861 Consormabat
1002 2815 1042 2861 se
1080 2790 1253 2860 dominus
1291 2787 1349 2861 ille

228 2894 393 2968 moribus
415 2897 577 2978 fratrum,
601 2912 638 2968 et
659 2896 695 2967 in
715 2895 902 2968 desiderio
932 2895 1138 2967 sanctitatis
1162 2922 1244 2967 cum
1266 2894 1350 2966 sim·
1386 2905 1389 2908 ’

227 3001 384 3098 plicibus
413 3020 493 3075 erat
522 3001 691 3098 simplex,
724 3028 808 3073 cum
838 3002 1039 3074 humilibus
1075 3017 1155 3074 erat
1188 3001 1346 3086 humilis,

227 3133 310 3181 cum
339 3111 568 3206 pauperibus
596 3125 676 3180 erat
696 3134 849 3206 pauper.
908 3110 999 3182 Erat
1018 3109 1130 3181 stater
1159 3108 1254 3180 inter
1281 3109 1349 3180 sra-

226 3231 312 3300 tres
334 3216 431 3288 inter
458 3217 622 3287 minores
651 3215 835 3299 minimus,
866 3232 904 3288 et
932 3216 1033 3289 velut
1061 3242 1157 3287 unus
1186 3232 1349 3287 caetero-

154 3342 196 3408 25
227 3346 317 3405 rum,
350 3323 385 3394 in
415 3340 596 3419 quantum
634 3322 774 3394 licitum
813 3340 902 3406 etat,
935 3323 970 3394 in
999 3323 1074 3394 vita
1108 3338 1146 3394 et
1183 3322 1367 3408 motibus,

226 3455 358 3525 gerere
388 3455 429 3502 se
458 3430 642 3502 studebat.
707 3429 898 3502 'Sollicitus
928 3447 1007 3502 erat
1036 3428 1174 3524 ubique
1203 3454 1348 3500 sacram

226 3535 448 3634 religionem
487 3536 666 3633 plantare,
700 3553 738 3607 et
776 3537 812 3608 in
850 3537 1003 3609 remotis
1045 3536 1212 3632 partibus
1250 3537 1349 3607 clara

299 3798 318 3834 r.
334 3781 370 3846 L,
383 3782 431 3845 Os,
445 3783 485 3836 Ox
496 3781 640 3835 Reatinam
717 3800 739 3852 3.
752 3784 779 3834 ll
789 3801 837 3834 om.
849 3799 911 3834 eum
953 3783 987 3834 Os
998 3781 1180 3850 pronuntiavit
1192 3780 1348 3849 episcopum

228 3875 250 3928 5.
270 3861 315 3914 AS
338 3879 386 3914 om.
413 3876 503 3915 autem
560 3863 606 3916 AS
630 3862 813 3916 accelerarent
914 3863 938 3912 8.
965 3863 987 3914 P
1012 3861 1161 3913 curandum
1222 3861 1263 3910 (lt
1292 3876 1348 3911 cur.

224 3957 304 3993 causa
325 3957 395 3994 mor.
477 3944 538 4013 8·9.
561 3943 601 3993 vir
622 3943 698 4011 perit.
719 3943 867 4009 dicebatur]
892 3942 921 3994 H
942 3954 970 3993 ut
990 3941 1178 4009 praemisimus
1203 3939 1349 3991 ducebatur
1452 3977 1462 3994 .

224 4036 248 4088 9.
264 4020 324 4086 AS,
345 4021 368 4072 Ε
386 4038 434 4075 om.
454 4022 519 4074 satis
596 4037 688 4076 10-12.
708 4023 731 4075 E
750 4041 799 4074 orn.
817 4039 831 4071 a
850 4033 1028 4073 tota-tamen
1107 4034 1198 4085 10-13.
1219 4019 1247 4070 H
1265 4036 1313 4071 orn.
1334 4037 1348 4070 a

223 4111 280 4151 tota
291 4130 307 4139 -
319 4117 393 4153 susc.
407 4114 447 4154 est
523 4117 562 4166 14.
577 4103 729 4170 sanctitate]
750 4102 791 4165 H,
808 4103 849 4154 Or
869 4102 1055 4152 sanctissimae
1110 4100 1153 4152 As·
1166 4118 1214 4151 ont.
1231 4100 1349 4151 maxime

228 4178 266 4231 16.
285 4180 454 4251 universam]
476 4183 508 4235 M
524 4199 638 4234 omnem
724 4183 761 4234 18.
785 4183 826 4234 Or
846 4181 964 4249 placeret
1047 4195 1087 4231 20.
1110 4181 1144 4232 Os
1165 4179 1350 4232 Confirmabat

224 4271 266 4312 22.
291 4261 312 4314 R
337 4277 386 4314 om.
410 4261 525 4331 simplex
616 4277 659 4324 22,
688 4277 728 4330 23.
749 4261 805 4326 AS,
832 4261 855 4313 Ε
879 4274 904 4312 et
930 4278 991 4313 cum
1085 4275 1126 4324 23.
1152 4259 1195 4312 As
1216 4277 1263 4310 ont.
1287 4258 1350 4309 Erat

225 4353 267 4404 24.
280 4340 300 4393 L
315 4353 373 4393 erat
392 4343 520 4395 minimus
570 4342 605 4396 05
618 4358 666 4394 om.
681 4359 750 4393 unus
825 4341 865 4394 26.
881 4341 924 4404 H,
942 4342 985 4403 ll,
1001 4341 1020 4392 R
1034 4352 1156 4392 sanctam
