3142 4875
585 381 793 430 'l'RACln‘lUS
823 383 869 429 Dr:
899 382 1093 431 nllttnctlffls

278 613 433 687 sistente
462 614 691 710 crepusculo,
723 614 841 687 virum
871 617 1072 711 quemdam
1101 615 1198 686 vitae
1229 614 1320 687 satis
1340 615 1409 688 ho·

280 738 419 806 nestae,
441 722 637 817 famaeque
656 721 861 804 laudabilis,
884 723 1041 794 transire
1068 748 1134 818 per
1153 720 1249 793 viam
1271 720 1307 793 in
1329 747 1408 818 qua

277 853 346 925 pro
367 848 485 900 morte
514 828 619 901 alteri
640 827 834 901 inserenda
849 827 1000 901 alterius
1015 827 1171 900 insidiae
1192 827 1401 901 latitabant.

280 935 451 1031 Cumque
490 935 548 1007 hic
586 935 633 1007 ad
670 936 863 1017 orandum,
898 936 992 1008 sicut
1026 934 1156 1007 solitus
1194 952 1284 1015 erat,
1317 952 1406 1030 post

278 1042 408 1113 horam
455 1041 688 1138 completorii
730 1044 777 1114 ad
821 1041 1015 1115 ecclesiam
1055 1042 1207 1114 fratrum
1246 1042 1405 1115 festinus
1437 1075 1455 1139 5

278 1147 486 1233 accederet,
508 1149 684 1244 quoniam
714 1151 827 1221 beato
856 1148 1056 1221 Francisco
1084 1165 1162 1220 tota
1191 1164 1270 1220 erat
1290 1149 1404 1223 devo-

278 1255 380 1327 tione
417 1257 637 1338 substratus,
674 1256 954 1328 insurrexerunt
992 1254 1054 1328 filii
1092 1258 1329 1328 tenebrarum
1365 1255 1402 1328 in

278 1362 391 1433 filium
413 1361 514 1442 lucis,
532 1388 645 1459 quem
666 1364 744 1434 lore
765 1365 968 1435 credebant
987 1361 1150 1434 emulum
1171 1361 1272 1433 illum
1291 1388 1403 1435 suum

279 1467 418 1539 dudum
439 1470 487 1541 ad
508 1469 800 1541 internecionem
824 1471 1045 1565 quaesitum.
1091 1469 1215 1562 Quem
1235 1495 1282 1540 ex
1299 1470 1402 1541 omni

278 1592 383 1670 parte
399 1574 556 1648 letaliter
567 1575 788 1674 gladiantes
807 1576 1032 1649 seminecem
1050 1575 1287 1671 reliquerunt.
1325 1576 1404 1648 Sed
1438 1603 1479 1648 ro

279 1681 408 1753 ultimo
428 1682 704 1755 crudelissimus
734 1684 852 1755 hostis
882 1685 916 1755 in
947 1682 1041 1755 illius
1062 1699 1214 1780 gutture
1234 1684 1404 1779 gladium

279 1788 463 1886 profunde
493 1788 621 1871 infixit,
655 1815 722 1862 nec
756 1791 885 1862 valens
914 1789 1013 1862 illum
1036 1790 1237 1873 retrahere,
1260 1790 1296 1861 in
1323 1791 1404 1862 vul·

280 1921 368 1968 nere
397 1895 604 1992 dereliquit.

365 2027 419 2073 12.
438 2003 637 2075 Accuritur
653 2003 827 2099 undique,
851 2019 889 2074 et
904 2003 1084 2098 usquead
1105 2004 1248 2075 caelum
1266 2003 1404 2076 clamo·

278 2109 380 2181 ribus
409 2110 516 2190 datis
548 2109 756 2182 innocentis
785 2125 944 2182 mortem
964 2125 1039 2180 tota
1063 2109 1234 2205 deplorat
1251 2110 1401 2183 vicinia.
1438 2138 1473 2202 15

278 2216 326 2287 Et
354 2217 441 2311 quia
469 2215 590 2288 vitalis
619 2216 768 2312 spiritus
798 2217 919 2288 adhuc
949 2233 1029 2288 erat
1058 2216 1093 2288 in
1124 2216 1284 2298 homine,
1316 2242 1404 2288 con·

278 2322 398 2396 silium
429 2322 584 2395 invaluit
618 2324 847 2395 medicorum
890 2348 936 2395 ne
974 2322 1142 2396 cultellus
1171 2324 1218 2396 de
1246 2339 1403 2421 gutture

277 2430 497 2503 traheretur.
556 2431 668 2502 Forte
690 2430 935 2503 consessionis
954 2431 1076 2527 gratia
1096 2429 1131 2501 id
1161 2431 1337 2527 agebant,
1362 2449 1403 2503 ut

278 2553 407 2634 posset
421 2538 552 2609 saltem
569 2537 626 2609 vel
646 2537 756 2634 signo
776 2538 901 2634 aliquo
921 2538 1102 2614 confiteri.
1149 2538 1269 2610 Nocte
1287 2537 1403 2634 igitur

278 2659 357 2715 tota
378 2644 564 2740 usquead
587 2644 840 2716 matutinalem
862 2645 1002 2727 horam,
1025 2645 1073 2717 ad
1095 2644 1317 2741 sanguinem
1339 2670 1403 2717 ex·
1432 2670 1474 2716 20

278 2750 502 2846 tergendum
532 2767 570 2822 et
598 2751 749 2822 vulnera
771 2750 982 2848 colligenda
1011 2751 1144 2824 medici
1175 2751 1399 2835 laborantes

278 2872 430 2952 propter
459 2857 554 2928 ictus
583 2857 804 2953 multiplices
832 2874 869 2929 et
899 2858 1158 2953 profundos‚a
1187 2884 1285 2937 cura.
1315 2885 1402 2931 cum

279 2963 366 3034 nihil
382 2963 614 3059 proficerent.
633 2964 867 3036 destiterunt.
917 2964 1075 3037 Stabant
1091 2965 1221 3037 fratres
1238 2966 1402 3037 minores

279 3095 360 3140 cum
392 3069 545 3143 medicis
582 3071 679 3143 circa
716 3073 863 3153 lectum,
902 3070 1014 3143 nimio
1047 3072 1177 3144 dolore
1210 3072 1399 3166 completi,

279 3176 385 3248 amici
415 3179 556 3249 exitum
586 3179 868 3273 praestolantes
927 3178 976 3249 Et
1003 3203 1091 3250 ecce
1122 3203 1304 3273 campana
1332 3177 1400 3249 lra·
1431 3201 1469 3267 25

279 3297 374 3355 trum
391 3285 551 3380 pulsavit
566 3283 613 3356 ad
631 3284 863 3357 matutinum.
899 3284 1070 3356 Audiens
1086 3311 1180 3356 uxor
1196 3283 1291 3355 illius
1302 3310 1399 3356 cam-

278 3415 425 3485 panam,
448 3391 688 3488 gemebunda
718 3391 831 3462 currit
860 3391 907 3463 ad
936 3392 1089 3463 lectum:
1112 3391 1165 3463 Mi
1197 3391 1396 3487 [domine],

279 3495 406 3593 inquit,
430 3524 542 3595 surge
559 3496 745 3580 velociter,
763 3499 859 3569 vade
888 3498 935 3569 ad
967 3498 1197 3578 matutinum,
1220 3499 1400 3592 quoniam

279 3621 342 3676 tua
362 3629 544 3700 campana
563 3620 599 3676 te
628 3620 749 3676 vocat.
808 3603 939 3676 Statim
961 3603 1023 3700 qui
1045 3604 1138 3680 mori
1163 3605 1397 3689 credebatur,

278 3710 509 3807 ingeminato
551 3709 713 3807 pectoris
761 3737 959 3793 murmure,
1000 3711 1153 3782 stridula
1197 3727 1402 3808 utcumque
1432 3736 1472 3800 30

277 3818 392 3889 verba
412 3817 622 3890 balbutiens
643 3818 828 3889 nitebatur
848 3817 1030 3894 emittere.
1087 3818 1135 3889 Et
1156 3843 1306 3890 manum
1326 3818 1401 3891 ele-

276 3949 369 3995 vans
399 3940 527 3996 contra
556 3924 707 3996 infixum
730 3923 870 4021 gutturi
900 3924 1076 4022 gladium,
1108 3923 1262 3997 innuere
1290 3925 1402 3997 alicui

278 4047 317 4102 ut
338 4029 435 4101 illum
458 4032 672 4104 extraheret
693 4032 898 4103 videbatur.
948 4032 1119 4104 Mirabile
1140 4031 1254 4104 certe!
1312 4031 1402 4104 Gla-

278 4136 361 4208 dius
381 4163 401 4208 a
421 4137 503 4210 loco
519 4138 642 4211 subito
662 4140 827 4220 avolans
845 4138 1058 4210 videntibus
1073 4136 1257 4223 omnibus,
1279 4163 1402 4234 usque

279 4242 325 4313 ad
346 4242 480 4314 ostium
510 4245 654 4331 domus,
673 4246 777 4341 quasi
809 4271 919 4318 manu
949 4245 1107 4317 iactatus
1134 4245 1201 4317 viri
1223 4245 1401 4318 robustis·
1433 4277 1449 4341 3
1458 4274 1471 4339 5

352 4486 394 4539 27.
414 4472 446 4522 M
462 4474 499 4525 Mi
521 4476 554 4526 cl'
610 4475 641 4526 ln
660 4477 712 4528 rod.
734 4477 763 4528 N
779 4477 890 4530 domine
