<?xml version="1.0" encoding="UTF-8"?>
<!DOCTYPE html PUBLIC "-//W3C//DTD XHTML 1.0 Transitional//EN"
    "http://www.w3.org/TR/xhtml1/DTD/xhtml1-transitional.dtd">
<html xmlns="http://www.w3.org/1999/xhtml" xml:lang="en" lang="en">
 <head>
  <title>
</title>
<meta http-equiv="Content-Type" content="text/html;charset=utf-8" />
  <meta name='ocr-system' content='tesseract 3.04.00' />
  <meta name='ocr-capabilities' content='ocr_page ocr_carea ocr_par ocr_line ocrx_word'/>
</head>
<body>
  <div class='ocr_page' id='page_1' title='image "./sfrancisciassis00dogoog_0243.png"; bbox 0 0 3142 4875; ppageno 0'>
   <div class='ocr_carea' id='block_1_1' title="bbox 638 350 1353 422">
    <p class='ocr_par' dir='ltr' id='par_1_1' title="bbox 638 350 1353 422">
     <span class='ocr_line' id='line_1_1' title="bbox 638 350 1353 422; baseline 0 -21"><span class='ocrx_word' id='word_1_1' title='bbox 638 354 742 401; x_wconf 66' lang='lat' dir='ltr'>utensi</span> <span class='ocrx_word' id='word_1_2' title='bbox 770 354 956 401; x_wconf 66' lang='lat' dir='ltr'>francisci</span> <span class='ocrx_word' id='word_1_3' title='bbox 1282 350 1353 422; x_wconf 83' lang='lat'>147</span> 
     </span>
    </p>
   </div>
   <div class='ocr_carea' id='block_1_2' title="bbox 163 587 1460 3677">
    <p class='ocr_par' dir='ltr' id='par_1_2' title="bbox 163 587 1460 3677">
     <span class='ocr_line' id='line_1_2' title="bbox 237 587 1358 684; baseline 0.001 -23"><span class='ocrx_word' id='word_1_4' title='bbox 237 589 415 673; x_wconf 87' lang='lat' dir='ltr'>medicos,</span> <span class='ocrx_word' id='word_1_5' title='bbox 448 587 613 684; x_wconf 90' lang='lat' dir='ltr'>ipsorum</span> <span class='ocrx_word' id='word_1_6' title='bbox 643 588 816 659; x_wconf 89' lang='lat' dir='ltr'>solatium</span> <span class='ocrx_word' id='word_1_7' title='bbox 846 602 988 682; x_wconf 75' lang='lat' dir='ltr'>petenS,</span> <span class='ocrx_word' id='word_1_8' title='bbox 1020 587 1082 683; x_wconf 92' lang='lat' dir='ltr'>qui</span> <span class='ocrx_word' id='word_1_9' title='bbox 1116 588 1205 659; x_wconf 92' lang='lat' dir='ltr'>dum</span> <span class='ocrx_word' id='word_1_10' title='bbox 1234 590 1282 662; x_wconf 90' lang='lat' dir='ltr'>ab</span> <span class='ocrx_word' id='word_1_11' title='bbox 1312 614 1358 662; x_wconf 92' lang='lat' dir='ltr'>eo</span> 
     </span>
     <span class='ocr_line' id='line_1_3' title="bbox 235 694 1359 793; baseline 0.002 -26"><span class='ocrx_word' id='word_1_12' title='bbox 235 697 397 793; x_wconf 90' lang='lat' dir='ltr'>pretium</span> <span class='ocrx_word' id='word_1_13' title='bbox 448 694 675 766; x_wconf 87' lang='lat' dir='ltr'>insufficiens</span> <span class='ocrx_word' id='word_1_14' title='bbox 721 694 964 790; x_wconf 83' lang='lat' dir='ltr'>postularent,</span> <span class='ocrx_word' id='word_1_15' title='bbox 1012 719 1095 766; x_wconf 92' lang='lat' dir='ltr'>cum</span> <span class='ocrx_word' id='word_1_16' title='bbox 1141 696 1249 767; x_wconf 89' lang='lat' dir='ltr'>unius</span> <span class='ocrx_word' id='word_1_17' title='bbox 1286 695 1359 769; x_wconf 90' lang='lat' dir='ltr'>diei</span> 
     </span>
     <span class='ocr_line' id='line_1_4' title="bbox 236 796 1360 900; baseline 0.002 -26"><span class='ocrx_word' id='word_1_18' title='bbox 236 819 381 875; x_wconf 81' lang='lat' dir='ltr'>careret</span> <span class='ocrx_word' id='word_1_19' title='bbox 423 802 601 898; x_wconf 87' lang='lat' dir='ltr'>expensis</span> <span class='ocrx_word' id='word_1_20' title='bbox 633 818 671 872; x_wconf 93' lang='lat' dir='ltr'>et</span> <span class='ocrx_word' id='word_1_21' title='bbox 708 800 819 883; x_wconf 92' lang='lat' dir='ltr'>victu,</span> <span class='ocrx_word' id='word_1_22' title='bbox 856 802 904 873; x_wconf 92' lang='lat' dir='ltr'>de</span> <span class='ocrx_word' id='word_1_23' title='bbox 939 800 1085 874; x_wconf 91' lang='lat' dir='ltr'>illorum</span> <span class='ocrx_word' id='word_1_24' title='bbox 1121 796 1261 875; x_wconf 85' lang='lat' dir='ltr'>auxilio</span> <span class='ocrx_word' id='word_1_25' title='bbox 1297 828 1360 900; x_wconf 91' lang='lat' dir='ltr'>pe·</span> 
     </span>
     <span class='ocr_line' id='line_1_5' title="bbox 237 906 1358 1004; baseline 0 -23"><span class='ocrx_word' id='word_1_26' title='bbox 237 911 334 982; x_wconf 88' lang='lat' dir='ltr'>nitus</span> <span class='ocrx_word' id='word_1_27' title='bbox 363 908 589 1004; x_wconf 83' lang='lat' dir='ltr'>desperavit.</span> <span class='ocrx_word' id='word_1_28' title='bbox 649 906 845 980; x_wconf 87' lang='lat' dir='ltr'>Convertit</span> <span class='ocrx_word' id='word_1_29' title='bbox 873 933 913 978; x_wconf 88' lang='lat' dir='ltr'>se</span> <span class='ocrx_word' id='word_1_30' title='bbox 942 909 1094 981; x_wconf 88' lang='lat' dir='ltr'>tandem</span> <span class='ocrx_word' id='word_1_31' title='bbox 1115 909 1163 980; x_wconf 96' lang='lat' dir='ltr'>ad</span> <span class='ocrx_word' id='word_1_32' title='bbox 1192 907 1358 982; x_wconf 89' lang='lat' dir='ltr'>divinum</span> 
     </span>
     <span class='ocr_line' id='line_1_6' title="bbox 186 1014 1357 1113; baseline 0.001 -25"><span class='ocrx_word' id='word_1_33' title='bbox 186 1050 202 1113; x_wconf 81' lang='lat'><em>5</em></span> <span class='ocrx_word' id='word_1_34' title='bbox 236 1015 424 1097; x_wconf 86' lang='lat' dir='ltr'>auxilium,</span> <span class='ocrx_word' id='word_1_35' title='bbox 458 1032 496 1087; x_wconf 90' lang='lat' dir='ltr'>et</span> <span class='ocrx_word' id='word_1_36' title='bbox 525 1016 657 1087; x_wconf 88' lang='lat' dir='ltr'>merita</span> <span class='ocrx_word' id='word_1_37' title='bbox 685 1015 784 1086; x_wconf 90' lang='lat' dir='ltr'>beati</span> <span class='ocrx_word' id='word_1_38' title='bbox 806 1014 994 1087; x_wconf 89' lang='lat' dir='ltr'>Francisci</span> <span class='ocrx_word' id='word_1_39' title='bbox 1011 1015 1134 1111; x_wconf 89' lang='lat' dir='ltr'>eoepit</span> <span class='ocrx_word' id='word_1_40' title='bbox 1163 1014 1200 1087; x_wconf 93' lang='lat' dir='ltr'>in</span> <span class='ocrx_word' id='word_1_41' title='bbox 1228 1016 1298 1099; x_wconf 90' lang='lat' dir='ltr'>via,</span> <span class='ocrx_word' id='word_1_42' title='bbox 1321 1017 1357 1089; x_wconf 92' lang='lat' dir='ltr'>in</span> 
     </span>
     <span class='ocr_line' id='line_1_7' title="bbox 237 1121 1359 1218; baseline 0.002 -24"><span class='ocrx_word' id='word_1_43' title='bbox 237 1125 350 1194; x_wconf 91' lang='lat' dir='ltr'>domo</span> <span class='ocrx_word' id='word_1_44' title='bbox 369 1140 408 1194; x_wconf 90' lang='lat' dir='ltr'>et</span> <span class='ocrx_word' id='word_1_45' title='bbox 428 1123 653 1217; x_wconf 91' lang='lat' dir='ltr'>ubicumque</span> <span class='ocrx_word' id='word_1_46' title='bbox 674 1121 777 1203; x_wconf 83' lang='lat' dir='ltr'>soret,</span> <span class='ocrx_word' id='word_1_47' title='bbox 801 1121 1017 1218; x_wconf 85' lang='lat' dir='ltr'>suppliciter</span> <span class='ocrx_word' id='word_1_48' title='bbox 1040 1121 1225 1194; x_wconf 86' lang='lat' dir='ltr'>invocare.</span> <span class='ocrx_word' id='word_1_49' title='bbox 1283 1122 1359 1196; x_wconf 86' lang='lat' dir='ltr'>Sic·</span> 
     </span>
     <span class='ocr_line' id='line_1_8' title="bbox 237 1227 1356 1334; baseline 0.003 -33"><span class='ocrx_word' id='word_1_50' title='bbox 237 1255 309 1325; x_wconf 90' lang='lat' dir='ltr'>que</span> <span class='ocrx_word' id='word_1_51' title='bbox 340 1230 477 1301; x_wconf 85' lang='lat' dir='ltr'>lactum</span> <span class='ocrx_word' id='word_1_52' title='bbox 507 1244 564 1301; x_wconf 92' lang='lat' dir='ltr'>est</span> <span class='ocrx_word' id='word_1_53' title='bbox 594 1245 634 1300; x_wconf 91' lang='lat' dir='ltr'>ut</span> <span class='ocrx_word' id='word_1_54' title='bbox 663 1227 698 1299; x_wconf 92' lang='lat' dir='ltr'>in</span> <span class='ocrx_word' id='word_1_55' title='bbox 728 1227 831 1300; x_wconf 90' lang='lat' dir='ltr'>brevi</span> <span class='ocrx_word' id='word_1_56' title='bbox 852 1228 1031 1323; x_wconf 90' lang='lat' dir='ltr'>temporis</span> <span class='ocrx_word' id='word_1_57' title='bbox 1051 1229 1181 1334; x_wconf 73' lang='lat' dir='ltr'>spatio⁵</span> <span class='ocrx_word' id='word_1_58' title='bbox 1198 1255 1265 1326; x_wconf 91' lang='lat' dir='ltr'>per</span> <span class='ocrx_word' id='word_1_59' title='bbox 1284 1231 1356 1304; x_wconf 90' lang='lat' dir='ltr'>Dei</span> 
     </span>
     <span class='ocr_line' id='line_1_9' title="bbox 237 1334 1356 1436; baseline 0.002 -28"><span class='ocrx_word' id='word_1_60' title='bbox 237 1336 396 1433; x_wconf 85' lang='lat' dir='ltr'>gratiam</span> <span class='ocrx_word' id='word_1_61' title='bbox 418 1351 455 1408; x_wconf 92' lang='lat' dir='ltr'>et</span> <span class='ocrx_word' id='word_1_62' title='bbox 475 1335 574 1407; x_wconf 91' lang='lat' dir='ltr'>beati</span> <span class='ocrx_word' id='word_1_63' title='bbox 595 1334 782 1407; x_wconf 88' lang='lat' dir='ltr'>Francisci</span> <span class='ocrx_word' id='word_1_64' title='bbox 813 1334 954 1419; x_wconf 89' lang='lat' dir='ltr'>merita,</span> <span class='ocrx_word' id='word_1_65' title='bbox 976 1335 1123 1407; x_wconf 89' lang='lat' dir='ltr'>sanitati</span> <span class='ocrx_word' id='word_1_66' title='bbox 1144 1335 1191 1408; x_wconf 91' lang='lat' dir='ltr'>sit</span> <span class='ocrx_word' id='word_1_67' title='bbox 1210 1335 1356 1436; x_wconf 86' lang='lat' dir='ltr'>integre</span> 
     </span>
     <span class='ocr_line' id='line_1_10' title="bbox 237 1459 439 1515; baseline -0.01 0"><span class='ocrx_word' id='word_1_68' title='bbox 237 1459 439 1515; x_wconf 76' lang='lat' dir='ltr'>restitutus</span> 
     </span>
     <span class='ocr_line' id='line_1_11' title="bbox 171 1547 1357 1644; baseline 0.002 -23"><span class='ocrx_word' id='word_1_69' title='bbox 171 1580 209 1626; x_wconf 81' lang='lat' dir='ltr'>ro</span> <span class='ocrx_word' id='word_1_70' title='bbox 323 1571 407 1641; x_wconf 87' lang='lat'>145.</span> <span class='ocrx_word' id='word_1_71' title='bbox 448 1550 542 1621; x_wconf 86' lang='lat' dir='ltr'>XV.</span> <span class='ocrx_word' id='word_1_72' title='bbox 584 1549 716 1621; x_wconf 89' lang='lat' dir='ltr'>Frater</span> <span class='ocrx_word' id='word_1_73' title='bbox 752 1548 902 1644; x_wconf 90' lang='lat' dir='ltr'>quidam</span> <span class='ocrx_word' id='word_1_74' title='bbox 942 1547 977 1619; x_wconf 88' lang='lat' dir='ltr'>in</span> <span class='ocrx_word' id='word_1_75' title='bbox 1008 1548 1176 1622; x_wconf 87' lang='lat' dir='ltr'>Marchia</span> <span class='ocrx_word' id='word_1_76' title='bbox 1204 1551 1251 1623; x_wconf 90' lang='lat' dir='ltr'>de</span> <span class='ocrx_word' id='word_1_77' title='bbox 1280 1551 1357 1623; x_wconf 83' lang='lat' dir='ltr'>An-</span> 
     </span>
     <span class='ocr_line' id='line_1_12' title="bbox 238 1655 1357 1753; baseline 0.002 -25"><span class='ocrx_word' id='word_1_78' title='bbox 238 1682 334 1728; x_wconf 90' lang='lat' dir='ltr'>cona</span> <span class='ocrx_word' id='word_1_79' title='bbox 368 1658 437 1728; x_wconf 90' lang='lat' dir='ltr'>sub</span> <span class='ocrx_word' id='word_1_80' title='bbox 474 1655 689 1728; x_wconf 81' lang='lat' dir='ltr'>obedientia</span> <span class='ocrx_word' id='word_1_81' title='bbox 718 1670 868 1727; x_wconf 89' lang='lat' dir='ltr'>nostrae</span> <span class='ocrx_word' id='word_1_82' title='bbox 896 1655 1087 1753; x_wconf 85' lang='lat' dir='ltr'>religionis</span> <span class='ocrx_word' id='word_1_83' title='bbox 1116 1657 1287 1741; x_wconf 89' lang='lat' dir='ltr'>militans,</span> <span class='ocrx_word' id='word_1_84' title='bbox 1320 1658 1357 1730; x_wconf 90' lang='lat' dir='ltr'>in</span> 
     </span>
     <span class='ocr_line' id='line_1_13' title="bbox 238 1761 1357 1858; baseline 0.003 -24"><span class='ocrx_word' id='word_1_85' title='bbox 238 1762 317 1845; x_wconf 84' lang='lat' dir='ltr'>iliis,</span> <span class='ocrx_word' id='word_1_86' title='bbox 355 1763 415 1835; x_wconf 91' lang='lat' dir='ltr'>vel</span> <span class='ocrx_word' id='word_1_87' title='bbox 462 1762 497 1834; x_wconf 93' lang='lat' dir='ltr'>in</span> <span class='ocrx_word' id='word_1_88' title='bbox 542 1762 664 1845; x_wconf 90' lang='lat' dir='ltr'>costis,</span> <span class='ocrx_word' id='word_1_89' title='bbox 705 1761 967 1858; x_wconf 89' lang='lat' dir='ltr'>gravissimum</span> <span class='ocrx_word' id='word_1_90' title='bbox 1004 1765 1174 1835; x_wconf 87' lang='lat' dir='ltr'>morbum</span> <span class='ocrx_word' id='word_1_91' title='bbox 1213 1763 1357 1838; x_wconf 84' lang='lat' dir='ltr'>fistulae</span> 
     </span>
     <span class='ocr_line' id='line_1_14' title="bbox 238 1867 1353 1964; baseline 0.003 -24"><span class='ocrx_word' id='word_1_92' title='bbox 238 1868 430 1952; x_wconf 89' lang='lat' dir='ltr'>tolerabat,</span> <span class='ocrx_word' id='word_1_93' title='bbox 463 1869 513 1940; x_wconf 90' lang='lat' dir='ltr'>ita</span> <span class='ocrx_word' id='word_1_94' title='bbox 543 1870 644 1964; x_wconf 92' lang='lat' dir='ltr'>quod</span> <span class='ocrx_word' id='word_1_95' title='bbox 672 1869 720 1940; x_wconf 93' lang='lat' dir='ltr'>ab</span> <span class='ocrx_word' id='word_1_96' title='bbox 748 1867 850 1940; x_wconf 92' lang='lat' dir='ltr'>omni</span> <span class='ocrx_word' id='word_1_97' title='bbox 885 1869 1076 1941; x_wconf 87' lang='lat' dir='ltr'>curatione</span> <span class='ocrx_word' id='word_1_98' title='bbox 1114 1870 1353 1955; x_wconf 88' lang='lat' dir='ltr'>medicorum,</span> 
     </span>
     <span class='ocr_line' id='line_1_15' title="bbox 237 1973 1357 2071; baseline 0.001 -23"><span class='ocrx_word' id='word_1_99' title='bbox 237 1978 285 2048; x_wconf 94' lang='lat' dir='ltr'>ob</span> <span class='ocrx_word' id='word_1_100' title='bbox 307 1976 597 2048; x_wconf 91' lang='lat' dir='ltr'>immensitatem</span> <span class='ocrx_word' id='word_1_101' title='bbox 613 1974 743 2057; x_wconf 88' lang='lat' dir='ltr'>morbi,</span> <span class='ocrx_word' id='word_1_102' title='bbox 762 1973 835 2046; x_wconf 91' lang='lat' dir='ltr'>iam</span> <span class='ocrx_word' id='word_1_103' title='bbox 861 1975 979 2047; x_wconf 79' lang='lat' dir='ltr'>fuerat</span> <span class='ocrx_word' id='word_1_104' title='bbox 1003 1976 1234 2071; x_wconf 91' lang='lat' dir='ltr'>desperatus.</span> <span class='ocrx_word' id='word_1_105' title='bbox 1292 1979 1357 2049; x_wconf 89' lang='lat' dir='ltr'>Pe-</span> 
     </span>
     <span class='ocr_line' id='line_1_16' title="bbox 167 2081 1356 2178; baseline -0.001 -20"><span class='ocrx_word' id='word_1_106' title='bbox 167 2114 205 2178; x_wconf 83' lang='lat'>15</span> <span class='ocrx_word' id='word_1_107' title='bbox 237 2082 294 2154; x_wconf 87' lang='lat' dir='ltr'>tiit</span> <span class='ocrx_word' id='word_1_108' title='bbox 321 2083 458 2155; x_wconf 89' lang='lat' dir='ltr'>deinde</span> <span class='ocrx_word' id='word_1_109' title='bbox 487 2110 509 2155; x_wconf 90' lang='lat' dir='ltr'>a</span> <span class='ocrx_word' id='word_1_110' title='bbox 539 2081 707 2154; x_wconf 88' lang='lat' dir='ltr'>ministro</span> <span class='ocrx_word' id='word_1_111' title='bbox 727 2106 806 2163; x_wconf 89' lang='lat' dir='ltr'>suu,</span> <span class='ocrx_word' id='word_1_112' title='bbox 830 2083 898 2153; x_wconf 88' lang='lat' dir='ltr'>sub</span> <span class='ocrx_word' id='word_1_113' title='bbox 919 2083 1023 2153; x_wconf 88' lang='lat' dir='ltr'>cuius</span> <span class='ocrx_word' id='word_1_114' title='bbox 1051 2083 1266 2157; x_wconf 90' lang='lat' dir='ltr'>obedientia</span> <span class='ocrx_word' id='word_1_115' title='bbox 1281 2110 1356 2157; x_wconf 93' lang='lat' dir='ltr'>mo·</span> 
     </span>
     <span class='ocr_line' id='line_1_17' title="bbox 237 2188 1362 2274; baseline -0.002 -13"><span class='ocrx_word' id='word_1_116' title='bbox 237 2191 398 2274; x_wconf 89' lang='lat' dir='ltr'>rabatur,</span> <span class='ocrx_word' id='word_1_117' title='bbox 422 2189 607 2261; x_wconf 87' lang='lat' dir='ltr'>licentiam</span> <span class='ocrx_word' id='word_1_118' title='bbox 637 2189 811 2261; x_wconf 88' lang='lat' dir='ltr'>veniendi</span> <span class='ocrx_word' id='word_1_119' title='bbox 841 2188 890 2259; x_wconf 92' lang='lat' dir='ltr'>ad</span> <span class='ocrx_word' id='word_1_120' title='bbox 917 2189 1142 2261; x_wconf 88' lang='lat' dir='ltr'>visitandum</span> <span class='ocrx_word' id='word_1_121' title='bbox 1163 2191 1284 2263; x_wconf 91' lang='lat' dir='ltr'>locum</span> <span class='ocrx_word' id='word_1_122' title='bbox 1318 2191 1362 2264; x_wconf 88' lang='lat' dir='ltr'>in.</span> 
     </span>
     <span class='ocr_line' id='line_1_18' title="bbox 237 2295 1354 2393; baseline 0.004 -26"><span class='ocrx_word' id='word_1_123' title='bbox 237 2322 311 2392; x_wconf 92' lang='lat' dir='ltr'>quo</span> <span class='ocrx_word' id='word_1_124' title='bbox 328 2321 463 2391; x_wconf 91' lang='lat' dir='ltr'>corpus</span> <span class='ocrx_word' id='word_1_125' title='bbox 481 2295 599 2367; x_wconf 89' lang='lat' dir='ltr'>Patris</span> <span class='ocrx_word' id='word_1_126' title='bbox 619 2295 822 2367; x_wconf 87' lang='lat' dir='ltr'>beatissimi</span> <span class='ocrx_word' id='word_1_127' title='bbox 841 2295 1067 2390; x_wconf 85' lang='lat' dir='ltr'>quiescebat,</span> <span class='ocrx_word' id='word_1_128' title='bbox 1085 2322 1223 2393; x_wconf 88' lang='lat' dir='ltr'>gerens</span> <span class='ocrx_word' id='word_1_129' title='bbox 1243 2297 1354 2371; x_wconf 88' lang='lat' dir='ltr'>fidem</span> 
     </span>
     <span class='ocr_line' id='line_1_19' title="bbox 237 2401 1354 2502; baseline 0.003 -28"><span class='ocrx_word' id='word_1_130' title='bbox 237 2429 304 2500; x_wconf 88' lang='lat' dir='ltr'>per</span> <span class='ocrx_word' id='word_1_131' title='bbox 331 2402 446 2500; x_wconf 88' lang='lat' dir='ltr'>ipsius</span> <span class='ocrx_word' id='word_1_132' title='bbox 474 2403 591 2475; x_wconf 91' lang='lat' dir='ltr'>sancti</span> <span class='ocrx_word' id='word_1_133' title='bbox 621 2402 752 2475; x_wconf 88' lang='lat' dir='ltr'>merita</span> <span class='ocrx_word' id='word_1_134' title='bbox 781 2401 982 2475; x_wconf 89' lang='lat' dir='ltr'>curationis</span> <span class='ocrx_word' id='word_1_135' title='bbox 1008 2429 1096 2476; x_wconf 90' lang='lat' dir='ltr'>suae</span> <span class='ocrx_word' id='word_1_136' title='bbox 1125 2430 1166 2477; x_wconf 91' lang='lat' dir='ltr'>se</span> <span class='ocrx_word' id='word_1_137' title='bbox 1196 2405 1354 2502; x_wconf 91' lang='lat' dir='ltr'>gratiam</span> 
     </span>
     <span class='ocr_line' id='line_1_20' title="bbox 237 2509 1460 2608; baseline 0.002 -26"><span class='ocrx_word' id='word_1_138' title='bbox 237 2511 470 2606; x_wconf 86' lang='lat' dir='ltr'>adepturum.</span> <span class='ocrx_word' id='word_1_139' title='bbox 536 2510 708 2582; x_wconf 87' lang='lat' dir='ltr'>Minister</span> <span class='ocrx_word' id='word_1_140' title='bbox 735 2535 827 2581; x_wconf 91' lang='lat' dir='ltr'>vero</span> <span class='ocrx_word' id='word_1_141' title='bbox 856 2509 970 2604; x_wconf 90' lang='lat' dir='ltr'>ipsius</span> <span class='ocrx_word' id='word_1_142' title='bbox 998 2537 1084 2583; x_wconf 88' lang='lat' dir='ltr'>eum</span> <span class='ocrx_word' id='word_1_143' title='bbox 1112 2513 1240 2585; x_wconf 88' lang='lat' dir='ltr'>venire</span> <span class='ocrx_word' id='word_1_144' title='bbox 1268 2538 1355 2608; x_wconf 91' lang='lat' dir='ltr'>pro·</span> <span class='ocrx_word' id='word_1_145' title='bbox 1398 2515 1401 2519; x_wconf 73' lang='grc'><strong>’</strong></span> <span class='ocrx_word' id='word_1_146' title='bbox 1457 2529 1460 2534; x_wconf 75' lang='grc'><strong><em>’</em></strong></span> 
     </span>
     <span class='ocr_line' id='line_1_21' title="bbox 163 2616 1355 2715; baseline 0.003 -27"><span class='ocrx_word' id='word_1_147' title='bbox 163 2650 209 2696; x_wconf 86' lang='lat'>20</span> <span class='ocrx_word' id='word_1_148' title='bbox 237 2616 365 2698; x_wconf 86' lang='lat' dir='ltr'>hibuit,</span> <span class='ocrx_word' id='word_1_149' title='bbox 388 2617 564 2690; x_wconf 92' lang='lat' dir='ltr'>dubitans</span> <span class='ocrx_word' id='word_1_150' title='bbox 593 2635 747 2713; x_wconf 90' lang='lat' dir='ltr'>propter</span> <span class='ocrx_word' id='word_1_151' title='bbox 776 2618 881 2688; x_wconf 88' lang='lat' dir='ltr'>nives</span> <span class='ocrx_word' id='word_1_152' title='bbox 909 2633 947 2689; x_wconf 90' lang='lat' dir='ltr'>et</span> <span class='ocrx_word' id='word_1_153' title='bbox 974 2617 1118 2712; x_wconf 90' lang='lat' dir='ltr'>pluvias</span> <span class='ocrx_word' id='word_1_154' title='bbox 1141 2645 1237 2715; x_wconf 91' lang='lat' dir='ltr'>quae</span> <span class='ocrx_word' id='word_1_155' title='bbox 1267 2637 1355 2692; x_wconf 92' lang='lat' dir='ltr'>tunc</span> 
     </span>
     <span class='ocr_line' id='line_1_22' title="bbox 237 2722 1355 2822; baseline 0.002 -26"><span class='ocrx_word' id='word_1_156' title='bbox 237 2724 415 2819; x_wconf 89' lang='lat' dir='ltr'>temporis</span> <span class='ocrx_word' id='word_1_157' title='bbox 444 2741 560 2808; x_wconf 90' lang='lat' dir='ltr'>erant,</span> <span class='ocrx_word' id='word_1_158' title='bbox 593 2750 640 2796; x_wconf 90' lang='lat' dir='ltr'>ne</span> <span class='ocrx_word' id='word_1_159' title='bbox 670 2722 788 2796; x_wconf 88' lang='lat' dir='ltr'>maius</span> <span class='ocrx_word' id='word_1_160' title='bbox 815 2748 863 2794; x_wconf 86' lang='lat' dir='ltr'>ex</span> <span class='ocrx_word' id='word_1_161' title='bbox 894 2723 1033 2796; x_wconf 87' lang='lat' dir='ltr'>itineris</span> <span class='ocrx_word' id='word_1_162' title='bbox 1057 2725 1276 2822; x_wconf 82' lang='lat' dir='ltr'>fatigatione</span> <span class='ocrx_word' id='word_1_163' title='bbox 1305 2728 1355 2799; x_wconf 89' lang='lat' dir='ltr'>in-</span> 
     </span>
     <span class='ocr_line' id='line_1_23' title="bbox 237 2831 1356 2925; baseline 0.002 -22"><span class='ocrx_word' id='word_1_164' title='bbox 237 2849 402 2904; x_wconf 90' lang='lat' dir='ltr'>curreret</span> <span class='ocrx_word' id='word_1_165' title='bbox 416 2832 692 2903; x_wconf 88' lang='lat' dir='ltr'>detrimentum.</span> <span class='ocrx_word' id='word_1_166' title='bbox 725 2831 898 2925; x_wconf 90' lang='lat' dir='ltr'>Cumque</span> <span class='ocrx_word' id='word_1_167' title='bbox 914 2832 960 2901; x_wconf 92' lang='lat' dir='ltr'>de</span> <span class='ocrx_word' id='word_1_168' title='bbox 978 2857 1050 2902; x_wconf 90' lang='lat' dir='ltr'>non</span> <span class='ocrx_word' id='word_1_169' title='bbox 1067 2832 1192 2904; x_wconf 88' lang='lat' dir='ltr'>habita</span> <span class='ocrx_word' id='word_1_170' title='bbox 1208 2832 1356 2906; x_wconf 90' lang='lat' dir='ltr'>licentia</span> 
     </span>
     <span class='ocr_line' id='line_1_24' title="bbox 238 2938 1354 3035; baseline 0.003 -27"><span class='ocrx_word' id='word_1_171' title='bbox 238 2938 349 3010; x_wconf 78' lang='lat' dir='ltr'>irater</span> <span class='ocrx_word' id='word_1_172' title='bbox 383 2939 442 3010; x_wconf 91' lang='lat' dir='ltr'>ille</span> <span class='ocrx_word' id='word_1_173' title='bbox 476 2938 745 3033; x_wconf 91' lang='lat' dir='ltr'>aliquantulum</span> <span class='ocrx_word' id='word_1_174' title='bbox 789 2938 1009 3019; x_wconf 89' lang='lat' dir='ltr'>turbaretur,</span> <span class='ocrx_word' id='word_1_175' title='bbox 1043 2956 1152 3011; x_wconf 88' lang='lat' dir='ltr'>nocte</span> <span class='ocrx_word' id='word_1_176' title='bbox 1192 2941 1354 3035; x_wconf 91' lang='lat' dir='ltr'>quadam</span> 
     </span>
     <span class='ocr_line' id='line_1_25' title="bbox 237 3044 1355 3141; baseline 0.003 -25"><span class='ocrx_word' id='word_1_177' title='bbox 237 3061 387 3118; x_wconf 89' lang='lat' dir='ltr'>sanctus</span> <span class='ocrx_word' id='word_1_178' title='bbox 403 3061 510 3141; x_wconf 87' lang='lat' dir='ltr'>pater</span> <span class='ocrx_word' id='word_1_179' title='bbox 530 3046 751 3116; x_wconf 87' lang='lat' dir='ltr'>Franciscus</span> <span class='ocrx_word' id='word_1_180' title='bbox 771 3044 914 3116; x_wconf 86' lang='lat' dir='ltr'>adstitit</span> <span class='ocrx_word' id='word_1_181' title='bbox 933 3044 977 3126; x_wconf 91' lang='lat' dir='ltr'>ei,</span> <span class='ocrx_word' id='word_1_182' title='bbox 1001 3045 1149 3117; x_wconf 86' lang='lat' dir='ltr'>dicens:</span> <span class='ocrx_word' id='word_1_183' title='bbox 1179 3045 1257 3129; x_wconf 92' lang='lat' dir='ltr'>Fili,</span> <span class='ocrx_word' id='word_1_184' title='bbox 1282 3046 1355 3119; x_wconf 93' lang='lat' dir='ltr'>noli</span> 
     </span>
     <span class='ocr_line' id='line_1_26' title="bbox 163 3150 1356 3250; baseline -0.003 -22"><span class='ocrx_word' id='word_1_185' title='bbox 163 3182 207 3249; x_wconf 83' lang='lat'>25</span> <span class='ocrx_word' id='word_1_186' title='bbox 237 3151 284 3223; x_wconf 90' lang='lat' dir='ltr'>de</span> <span class='ocrx_word' id='word_1_187' title='bbox 314 3150 523 3224; x_wconf 90' lang='lat' dir='ltr'>huiusmodi</span> <span class='ocrx_word' id='word_1_188' title='bbox 554 3154 601 3223; x_wconf 91' lang='lat' dir='ltr'>de</span> <span class='ocrx_word' id='word_1_189' title='bbox 631 3168 780 3223; x_wconf 88' lang='lat' dir='ltr'>caetero</span> <span class='ocrx_word' id='word_1_190' title='bbox 809 3151 962 3233; x_wconf 83' lang='lat' dir='ltr'>anxiari,</span> <span class='ocrx_word' id='word_1_191' title='bbox 986 3152 1052 3222; x_wconf 90' lang='lat' dir='ltr'>sed</span> <span class='ocrx_word' id='word_1_192' title='bbox 1081 3178 1177 3223; x_wconf 84' lang='lat' dir='ltr'>exue</span> <span class='ocrx_word' id='word_1_193' title='bbox 1206 3172 1244 3225; x_wconf 90' lang='lat' dir='ltr'>te</span> <span class='ocrx_word' id='word_1_194' title='bbox 1278 3153 1356 3250; x_wconf 90' lang='lat' dir='ltr'>pel-</span> 
     </span>
     <span class='ocr_line' id='line_1_27' title="bbox 238 3255 1356 3355; baseline 0.004 -26"><span class='ocrx_word' id='word_1_195' title='bbox 238 3257 331 3329; x_wconf 88' lang='lat' dir='ltr'>liceo</span> <span class='ocrx_word' id='word_1_196' title='bbox 360 3284 435 3355; x_wconf 91' lang='lat' dir='ltr'>quo</span> <span class='ocrx_word' id='word_1_197' title='bbox 464 3257 639 3342; x_wconf 90' lang='lat' dir='ltr'>indueris,</span> <span class='ocrx_word' id='word_1_198' title='bbox 671 3276 709 3329; x_wconf 91' lang='lat' dir='ltr'>et</span> <span class='ocrx_word' id='word_1_199' title='bbox 737 3258 979 3354; x_wconf 89' lang='lat' dir='ltr'>emplastrum</span> <span class='ocrx_word' id='word_1_200' title='bbox 1008 3255 1147 3354; x_wconf 90' lang='lat' dir='ltr'>proiice</span> <span class='ocrx_word' id='word_1_201' title='bbox 1181 3286 1265 3331; x_wconf 91' lang='lat' dir='ltr'>cum</span> <span class='ocrx_word' id='word_1_202' title='bbox 1298 3287 1356 3333; x_wconf 91' lang='lat' dir='ltr'>su·</span> 
     </span>
     <span class='ocr_line' id='line_1_28' title="bbox 237 3366 1355 3463; baseline 0.004 -28"><span class='ocrx_word' id='word_1_203' title='bbox 237 3368 426 3460; x_wconf 86' lang='lat' dir='ltr'>perposita</span> <span class='ocrx_word' id='word_1_204' title='bbox 445 3367 617 3463; x_wconf 89' lang='lat' dir='ltr'>ligatura,</span> <span class='ocrx_word' id='word_1_205' title='bbox 640 3367 875 3459; x_wconf 90' lang='lat' dir='ltr'>observaque</span> <span class='ocrx_word' id='word_1_206' title='bbox 895 3366 1064 3460; x_wconf 86' lang='lat' dir='ltr'>regulam</span> <span class='ocrx_word' id='word_1_207' title='bbox 1081 3382 1192 3446; x_wconf 88' lang='lat' dir='ltr'>tuam,</span> <span class='ocrx_word' id='word_1_208' title='bbox 1211 3383 1249 3438; x_wconf 90' lang='lat' dir='ltr'>et</span> <span class='ocrx_word' id='word_1_209' title='bbox 1269 3366 1355 3439; x_wconf 90' lang='lat' dir='ltr'>libe·</span> 
     </span>
     <span class='ocr_line' id='line_1_29' title="bbox 238 3471 1355 3569; baseline 0.002 -26"><span class='ocrx_word' id='word_1_210' title='bbox 238 3472 386 3545; x_wconf 91' lang='lat' dir='ltr'>raberis.</span> <span class='ocrx_word' id='word_1_211' title='bbox 446 3471 520 3565; x_wconf 85' lang='lat' dir='ltr'>Qui</span> <span class='ocrx_word' id='word_1_212' title='bbox 551 3497 660 3548; x_wconf 86' lang='lat' dir='ltr'>mane</span> <span class='ocrx_word' id='word_1_213' title='bbox 690 3497 849 3568; x_wconf 87' lang='lat' dir='ltr'>surgens</span> <span class='ocrx_word' id='word_1_214' title='bbox 878 3471 981 3543; x_wconf 85' lang='lat' dir='ltr'>iuxta</span> <span class='ocrx_word' id='word_1_215' title='bbox 1013 3492 1255 3569; x_wconf 88' lang='lat' dir='ltr'>praeceptum</span> <span class='ocrx_word' id='word_1_216' title='bbox 1275 3474 1355 3546; x_wconf 91' lang='lat' dir='ltr'>eius</span> 
     </span>
     <span class='ocr_line' id='line_1_30' title="bbox 236 3577 1351 3677; baseline 0.003 -27"><span class='ocrx_word' id='word_1_217' title='bbox 236 3580 360 3651; x_wconf 89' lang='lat' dir='ltr'>omnia</span> <span class='ocrx_word' id='word_1_218' title='bbox 379 3579 474 3662; x_wconf 85' lang='lat' dir='ltr'>lecit,</span> <span class='ocrx_word' id='word_1_219' title='bbox 497 3595 535 3651; x_wconf 87' lang='lat' dir='ltr'>et</span> <span class='ocrx_word' id='word_1_220' title='bbox 550 3581 598 3651; x_wconf 89' lang='lat' dir='ltr'>de</span> <span class='ocrx_word' id='word_1_221' title='bbox 619 3579 741 3650; x_wconf 91' lang='lat' dir='ltr'>subita</span> <span class='ocrx_word' id='word_1_222' title='bbox 760 3577 980 3650; x_wconf 88' lang='lat' dir='ltr'>liberatione</span> <span class='ocrx_word' id='word_1_223' title='bbox 996 3580 1137 3674; x_wconf 88' lang='lat' dir='ltr'>gratias</span> <span class='ocrx_word' id='word_1_224' title='bbox 1157 3582 1236 3677; x_wconf 90' lang='lat' dir='ltr'>egit</span> <span class='ocrx_word' id='word_1_225' title='bbox 1255 3581 1351 3653; x_wconf 88' lang='lat' dir='ltr'>Deo.</span> 
     </span>
    </p>
   </div>
   <div class='ocr_carea' id='block_1_3' title="bbox 231 3851 1358 4484">
    <p class='ocr_par' dir='ltr' id='par_1_3' title="bbox 231 3851 1358 4484">
     <span class='ocr_line' id='line_1_31' title="bbox 310 3851 1356 3921; baseline 0.006 -18"><span class='ocrx_word' id='word_1_226' title='bbox 310 3866 330 3904; x_wconf 89' lang='lat'>1.</span> <span class='ocrx_word' id='word_1_227' title='bbox 350 3851 686 3921; x_wconf 74' lang='lat' dir='ltr'>solatiumlHauxilium</span> <span class='ocrx_word' id='word_1_228' title='bbox 742 3852 906 3916; x_wconf 80' lang='lat' dir='ltr'>H,Rcun1</span> <span class='ocrx_word' id='word_1_229' title='bbox 993 3852 1202 3920; x_wconf 72' lang='lat' dir='ltr'>aHpeterent</span> <span class='ocrx_word' id='word_1_230' title='bbox 1277 3870 1299 3920; x_wconf 85' lang='lat'>5.</span> <span class='ocrx_word' id='word_1_231' title='bbox 1322 3857 1356 3909; x_wconf 81' lang='lat' dir='ltr'>us</span> 
     </span>
     <span class='ocr_line' id='line_1_32' title="bbox 234 3931 1358 4002; baseline 0.004 -18"><span class='ocrx_word' id='word_1_232' title='bbox 234 3932 317 3984; x_wconf 83' lang='lat' dir='ltr'>sancti</span> <span class='ocrx_word' id='word_1_233' title='bbox 391 3931 415 3984; x_wconf 84' lang='grc'>6.</span> <span class='ocrx_word' id='word_1_234' title='bbox 437 3934 470 3986; x_wconf 89' lang='lat' dir='ltr'>Os</span> <span class='ocrx_word' id='word_1_235' title='bbox 491 3935 589 4002; x_wconf 76' lang='lat' dir='ltr'>ubique</span> <span class='ocrx_word' id='word_1_236' title='bbox 608 3941 630 3985; x_wconf 75' lang='lat' dir='ltr'>et</span> <span class='ocrx_word' id='word_1_237' title='bbox 650 3951 698 3985; x_wconf 86' lang='lat' dir='ltr'>om.</span> <span class='ocrx_word' id='word_1_238' title='bbox 717 3931 785 3984; x_wconf 86' lang='lat' dir='ltr'>foret</span> <span class='ocrx_word' id='word_1_239' title='bbox 842 3936 907 3987; x_wconf 74' lang='lat' dir='ltr'>ltet</span> <span class='ocrx_word' id='word_1_240' title='bbox 927 3933 1082 4002; x_wconf 74' lang='lat' dir='ltr'>suppliciter</span> <span class='ocrx_word' id='word_1_241' title='bbox 1155 3935 1242 4000; x_wconf 48' lang='lat' dir='ltr'>aas</span> <span class='ocrx_word' id='word_1_242' title='bbox 1261 3949 1358 3989; x_wconf 67' lang='lat' dir='ltr'>ouant</span> 
     </span>
     <span class='ocr_line' id='line_1_33' title="bbox 236 4012 1356 4082; baseline 0.002 -16"><span class='ocrx_word' id='word_1_243' title='bbox 236 4013 322 4066; x_wconf 84' lang='lat' dir='ltr'>Rom.</span> <span class='ocrx_word' id='word_1_244' title='bbox 342 4012 369 4064; x_wconf 89' lang='lat' dir='ltr'>in</span> <span class='ocrx_word' id='word_1_245' title='bbox 426 4014 583 4076; x_wconf 72' lang='lat' dir='ltr'>Os,Pom.</span> <span class='ocrx_word' id='word_1_246' title='bbox 605 4014 734 4082; x_wconf 85' lang='lat' dir='ltr'>temporis</span> <span class='ocrx_word' id='word_1_247' title='bbox 809 4015 831 4064; x_wconf 83' lang='lat'>8.</span> <span class='ocrx_word' id='word_1_248' title='bbox 851 4015 869 4066; x_wconf 80' lang='grc' dir='ltr'>Ι.</span> <span class='ocrx_word' id='word_1_249' title='bbox 886 4015 970 4065; x_wconf 81' lang='lat' dir='ltr'>sancti</span> <span class='ocrx_word' id='word_1_250' title='bbox 1045 4016 1105 4080; x_wconf 75' lang='lat' dir='ltr'>S-o.</span> <span class='ocrx_word' id='word_1_251' title='bbox 1126 4014 1169 4065; x_wconf 69' lang='lat' dir='ltr'>AS</span> <span class='ocrx_word' id='word_1_252' title='bbox 1190 4029 1216 4066; x_wconf 88' lang='lat' dir='ltr'>ut</span> <span class='ocrx_word' id='word_1_253' title='bbox 1237 4018 1356 4082; x_wconf 75' lang='lat' dir='ltr'>integrae</span> 
     </span>
     <span class='ocr_line' id='line_1_34' title="bbox 234 4090 1355 4161; baseline 0.004 -17"><span class='ocrx_word' id='word_1_254' title='bbox 234 4090 584 4147; x_wconf 83' lang='lat' dir='ltr'>loretrestitutussanitati</span> <span class='ocrx_word' id='word_1_255' title='bbox 672 4109 708 4146; x_wconf 90' lang='lat'>10.</span> <span class='ocrx_word' id='word_1_256' title='bbox 730 4093 768 4161; x_wconf 81' lang='lat' dir='ltr'>in]</span> <span class='ocrx_word' id='word_1_257' title='bbox 792 4095 825 4146; x_wconf 74' lang='lat' dir='ltr'>Os</span> <span class='ocrx_word' id='word_1_258' title='bbox 845 4095 877 4145; x_wconf 85' lang='lat' dir='ltr'>de</span> <span class='ocrx_word' id='word_1_259' title='bbox 967 4094 1141 4146; x_wconf 72' lang='lat' dir='ltr'>taHhiliis</span> <span class='ocrx_word' id='word_1_260' title='bbox 1197 4096 1244 4147; x_wconf 78' lang='lat' dir='ltr'>AS</span> <span class='ocrx_word' id='word_1_261' title='bbox 1261 4114 1309 4149; x_wconf 83' lang='lat' dir='ltr'>om.</span> <span class='ocrx_word' id='word_1_262' title='bbox 1329 4097 1355 4148; x_wconf 89' lang='lat' dir='ltr'>in</span> 
     </span>
     <span class='ocr_line' id='line_1_35' title="bbox 237 4173 1357 4243; baseline 0.005 -19"><span class='ocrx_word' id='word_1_263' title='bbox 237 4187 274 4237; x_wconf 77' lang='lat'>14.</span> <span class='ocrx_word' id='word_1_264' title='bbox 288 4173 318 4226; x_wconf 89' lang='lat' dir='ltr'><em>H</em></span> <span class='ocrx_word' id='word_1_265' title='bbox 329 4175 361 4224; x_wconf 85' lang='lat' dir='ltr'>ab</span> <span class='ocrx_word' id='word_1_266' title='bbox 376 4174 556 4227; x_wconf 84' lang='lat' dir='ltr'>immensitate</span> <span class='ocrx_word' id='word_1_267' title='bbox 633 4190 671 4238; x_wconf 76' lang='lat'>15.</span> <span class='ocrx_word' id='word_1_268' title='bbox 688 4175 819 4226; x_wconf 80' lang='lat' dir='ltr'>Edeinde</span> <span class='ocrx_word' id='word_1_269' title='bbox 833 4175 876 4226; x_wconf 84' lang='lat' dir='ltr'>hic</span> <span class='ocrx_word' id='word_1_270' title='bbox 893 4192 907 4226; x_wconf 88' lang='lat' dir='ltr'>a</span> <span class='ocrx_word' id='word_1_271' title='bbox 924 4175 1045 4226; x_wconf 82' lang='lat' dir='ltr'>ministro</span> <span class='ocrx_word' id='word_1_272' title='bbox 1060 4177 1108 4225; x_wconf 84' lang='lat' dir='ltr'>sub</span> <span class='ocrx_word' id='word_1_273' title='bbox 1185 4190 1222 4243; x_wconf 90' lang='lat'>17.</span> <span class='ocrx_word' id='word_1_274' title='bbox 1239 4176 1273 4228; x_wconf 78' lang='lat' dir='ltr'>Os</span> <span class='ocrx_word' id='word_1_275' title='bbox 1287 4177 1357 4233; x_wconf 86' lang='lat' dir='ltr'>beati</span> 
     </span>
     <span class='ocr_line' id='line_1_36' title="bbox 233 4252 1354 4325; baseline 0.004 -19"><span class='ocrx_word' id='word_1_276' title='bbox 233 4252 367 4306; x_wconf 84' lang='lat' dir='ltr'>Francisci</span> <span class='ocrx_word' id='word_1_277' title='bbox 415 4256 567 4308; x_wconf 85' lang='lat' dir='ltr'>Hiacebat</span> <span class='ocrx_word' id='word_1_278' title='bbox 614 4253 758 4323; x_wconf 54' lang='lat' dir='ltr'>litamus</span> <span class='ocrx_word' id='word_1_279' title='bbox 774 4272 882 4325; x_wconf 82' lang='lat' dir='ltr'>semper</span> <span class='ocrx_word' id='word_1_280' title='bbox 959 4255 1097 4307; x_wconf 71' lang='lat' dir='ltr'>tillium</span> <span class='ocrx_word' id='word_1_281' title='bbox 1118 4256 1203 4307; x_wconf 83' lang='lat' dir='ltr'>sancti</span> <span class='ocrx_word' id='word_1_282' title='bbox 1282 4259 1354 4324; x_wconf 66' lang='lat' dir='ltr'>toll</span> 
     </span>
     <span class='ocr_line' id='line_1_37' title="bbox 231 4335 1355 4406; baseline 0.005 -21"><span class='ocrx_word' id='word_1_283' title='bbox 231 4348 405 4405; x_wconf 83' lang='lat' dir='ltr'>accepturum</span> <span class='ocrx_word' id='word_1_284' title='bbox 456 4337 553 4389; x_wconf 80' lang='lat' dir='ltr'>ASom</span> <span class='ocrx_word' id='word_1_285' title='bbox 576 4337 667 4386; x_wconf 80' lang='lat' dir='ltr'>venire</span> <span class='ocrx_word' id='word_1_286' title='bbox 741 4350 769 4387; x_wconf 81' lang='lat'>21</span> <span class='ocrx_word' id='word_1_287' title='bbox 797 4336 1021 4400; x_wconf 51' lang='lat' dir='ltr'>AS,t)smagis¹</span> <span class='ocrx_word' id='word_1_288' title='bbox 1083 4335 1355 4406; x_wconf 69' lang='lat' dir='ltr'>23.ASexuerepel.</span> 
     </span>
     <span class='ocr_line' id='line_1_38' title="bbox 233 4411 694 4484; baseline -0.002 -17"><span class='ocrx_word' id='word_1_289' title='bbox 233 4411 327 4484; x_wconf 79' lang='lat'><strong>26-27.</strong></span> <span class='ocrx_word' id='word_1_290' title='bbox 347 4415 394 4469; x_wconf 81' lang='lat' dir='ltr'>As</span> <span class='ocrx_word' id='word_1_291' title='bbox 412 4433 459 4470; x_wconf 88' lang='lat' dir='ltr'>om.</span> <span class='ocrx_word' id='word_1_292' title='bbox 479 4434 540 4469; x_wconf 85' lang='lat' dir='ltr'>curn</span> <span class='ocrx_word' id='word_1_293' title='bbox 552 4445 567 4455; x_wconf 94' lang='lat'>-</span> <span class='ocrx_word' id='word_1_294' title='bbox 579 4415 694 4484; x_wconf 82' lang='lat' dir='ltr'>ligatura</span> 
     </span>
    </p>
   </div>
   <div class='ocr_carea' id='block_1_4' title="bbox 0 0 1576 4875">
    <p class='ocr_par' dir='ltr' id='par_1_4' title="bbox 0 0 1576 4875">
     <span class='ocr_line' id='line_1_39' title="bbox 0 0 1576 4875; baseline 0 2"><span class='ocrx_word' id='word_1_295' title='bbox 0 0 1576 4875; x_wconf 95' lang='lat' dir='ltr'> </span> 
     </span>
    </p>
   </div>
  </div>
 </body>
</html>
