3142 4875
566 344 568 348 ὗ
594 374 698 422 enarr
727 373 912 421 runucrscr
1241 368 1310 439 175

196 485 457 494 .-————

193 607 421 679 horrendum
437 605 579 678 cunctis
593 606 809 702 praestabat
823 622 1027 701 aspectum.
1081 605 1179 677 Huic
1199 605 1311 688 illum,

194 713 225 784 si
255 738 328 786 non
357 712 552 808 resipiscat
580 737 602 785 a
630 712 783 809 coeptis,
816 713 1064 785 comminatur
1092 712 1249 785 similem
1273 739 1316 786 se

193 822 388 896 [acturum.
418 819 503 891 Sed
520 819 749 893 confortatus
763 844 786 890 a
801 818 967 890 Domino
977 819 1104 891 salutis
1114 835 1152 891 et
1170 819 1315 917 gratiae

193 952 415 1023 responsum
448 927 550 1020 [sibi]
580 925 658 998 fieri
687 926 845 1024 gaudet:
879 926 1088 1010 Francisce,
1119 926 1238 1023 inquit
1266 927 1315 999 illi

143 1061 162 1126 5
194 1034 301 1106 Deus
332 1033 400 1132 [in]
433 1033 573 1129 spiritu,
597 1057 665 1128 pro
685 1032 882 1104 carnaliter
901 1050 939 1105 et
962 1058 1056 1105 vane
1077 1034 1222 1106 dilectis
1242 1035 1315 1106 iam

195 1139 398 1237 spiritualia
418 1156 657 1222 commutato
676 1155 713 1211 et
733 1164 859 1211 amara
879 1164 947 1235 pro
967 1139 1136 1211 dulcibus
1165 1166 1317 1213 sumens

194 1265 394 1319 contemne
422 1263 460 1319 te
488 1246 620 1343 ipsum,
654 1271 713 1317 me
742 1245 771 1317 si
801 1245 893 1318 velis
920 1271 1145 1342 agnoscere3
1173 1264 1316 1320 namet

89 1382 92 1387 ’
195 1354 325 1426 ordine
353 1378 464 1426 verso
493 1353 639 1450 sapient
667 1352 733 1424 tibi
775 1378 872 1447 quae
907 1353 1002 1424 dico.
1070 1354 1317 1450 Compellitur

194 1460 318 1533 statim
348 1460 534 1533 mandatis
563 1459 716 1531 obedire
745 1457 889 1541 divinis
919 1476 955 1531 et
974 1460 1021 1531 ad
1051 1460 1102 1532 rei
1123 1461 1316 1557 experien-

124 1591 166 1638 10
194 1567 284 1640 tiam
313 1567 469 1639 ducitur.
542 1567 640 1639 Nam
679 1566 775 1638 inter
803 1566 928 1638 omnia
964 1566 1122 1639 inlclicia
1152 1584 1317 1641 monstra

196 1673 321 1745 mundi
352 1674 574 1747 Franciscus
605 1671 819 1745 naturaliter
847 1673 1015 1769 leprosos
1035 1674 1241 1747 abhorrens
1264 1674 1318 1747 le-

195 1805 346 1877 prosum
375 1782 437 1852 dic
465 1780 626 1876 quadam
656 1780 807 1853 obvium
837 1779 975 1865 habuit,
1007 1806 1090 1852 cum
1120 1783 1223 1854 iuxta
1247 1781 1317 1853 As·

195 1887 322 1959 sisium
352 1888 545 1983 equitaret.
591 1886 665 1980 Qui
687 1886 772 1958 licet
792 1886 859 1957 sibi
880 1887 1045 1959 taedium
1068 1913 1140 1959 non
1160 1914 1316 1985 parvum

196 1994 385 2091 ingereret
405 2010 441 2066 et
462 1994 665 2077 horrorem,
685 2020 731 2065 ne
752 2010 877 2066 tamen
898 1993 999 2066 velut
1019 1996 1183 2068 mandati
1201 2010 1317 2066 trans-

126 2123 164 2190 15
196 2126 348 2198 gressor
375 2101 485 2173 datae
516 2100 600 2172 fidei
622 2102 813 2197 frangeret
833 2118 1119 2185 sacramentum,
1149 2102 1197 2174 ad
1227 2102 1317 2174 deo-

196 2206 414 2279 sculandum
431 2233 516 2279 eum
532 2232 631 2302 equo
647 2206 772 2304 lapsus
788 2206 958 2283 accurrit.
990 2207 1058 2279 Cui
1071 2234 1153 2280 cum
1165 2234 1317 2280 manum

196 2314 301 2410 quasi
343 2313 483 2410 aliquid
525 2330 746 2410 accepturus
774 2315 944 2409 leprosus
972 2316 1224 2410 protenderet,
1255 2341 1317 2411 pe-

197 2422 343 2494 cuniam
373 2448 458 2494 cum
500 2420 628 2494 osculo
671 2421 884 2518 reportavit.
942 2421 992 2494 Et
1020 2423 1144 2495 statim
1178 2449 1316 2519 equum

195 2529 404 2601 ascendens
428 2529 492 2627 [et]
511 2530 584 2601 huc
599 2544 637 2600 et
655 2528 740 2600 illuc
754 2553 795 2600 se
816 2545 1048 2613 convertens,
1063 2557 1147 2602 curn
1164 2555 1318 2626 campus

123 2654 167 2701 20
196 2651 341 2731 pateret
371 2636 533 2731 undique
562 2635 656 2707 liber
685 2634 793 2708 nullis
834 2635 991 2708 obiectis
1027 2635 1237 2720 obstaculis,
1269 2637 1318 2710 le-

196 2767 348 2838 prosum
378 2741 477 2815 illum
508 2742 658 2814 minime
687 2742 789 2814 vidit.
847 2742 1108 2816 Admiratione
1145 2743 1231 2816 inde
1265 2769 1318 2816 re·

195 2849 317 2945 pletus
332 2865 370 2922 et
385 2848 537 2947 gaudi0,
554 2864 640 2944 post
658 2848 738 2921 dies
758 2849 925 2948 [paucos]
944 2875 1039 2945 opus
1058 2849 1175 2922 simile
1196 2851 1319 2923 lacere

197 2972 310 3028 curat.
368 2957 431 3028 nd
450 2956 684 3053 leprosorum
717 2955 927 3029 habitacula
954 2956 1083 3040 tendit,
1113 2973 1151 3029 et
1170 2957 1318 3053 leproso

196 3063 395 3158 unicuique
424 3064 512 3136 data
550 3061 709 3158 pecunia
750 3089 901 3134 manum
945 3062 1088 3136 illorum
1131 3065 1319 3137 osculatur

123 3186 167 3254 25
197 3185 234 3242 et
249 3171 415 3242 buccam.
462 3169 523 3241 Sic
539 3195 666 3242 amara
693 3195 761 3265 pro
777 3169 947 3242 dulcibus
971 3170 1092 3256 sumit,
1115 3187 1152 3243 et
1167 3170 1320 3244 viriliter

196 3275 244 3348 ad
272 3273 414 3372 reliqua
443 3276 628 3349 servanda
656 3302 697 3348 se
726 3293 843 3372 parat.

281 3681 353 3780 [De
383 3682 548 3779 imagine
576 3685 759 3782 crucifixi
782 3712 875 3780 quoe
902 3686 979 3757 sibi
1004 3687 1120 3757 locuta
1137 3689 1236 3781 suit,

383 3808 417 3870 et
443 3798 577 3871 honore
604 3826 710 3895 quem
738 3802 776 3872 ei
802 3802 1008 3900 impendia]
1068 3802 1130 3872 Vl.

283 4033 338 4081 10.
370 4010 538 4084 Mutatus
566 4013 732 4110 perfecte
773 4014 847 4086 iam
889 4016 1012 4098 corde,
1046 4015 1081 4086 in
1111 4016 1213 4087 brevi
1244 4043 1320 4088 mu-

127 4138 168 4205 30
197 4118 332 4189 tandus
361 4132 399 4189 et
427 4142 593 4215 corpore,
616 4119 782 4193 ambulat
802 4121 862 4193 die
883 4121 1044 4217 quadam
1074 4123 1176 4194 iuxta
1205 4126 1320 4195 eccle-

267 4345 448 4411 4.Aom.sibi
522 4348 641 4414 5.Aom.
656 4349 682 4401 in
697 4351 775 4420 alleg.
789 4351 912 4420 spiritum
993 4351 1165 4419 19.Aour.et
1242 4355 1318 4406 22.A

200 4424 305 4496 aliquos
