3142 4875
601 363 705 411 uuam
734 361 919 410 ranuciscr
1244 357 1318 428 259

202 475 383 481 --..-..-r›-
394 475 416 478 ---
430 474 535 479 -.--....-
562 475 566 478 .
581 474 607 479 --
617 474 635 479 .-.
644 474 758 478 ...-..--.,
768 470 1052 478 fflWV----—-—.-—-——

201 600 380 696 quiddam
412 622 505 694 erga
532 613 701 669 sanctum
730 594 990 692 praesumpsit.
1047 593 1191 668 Videns
1221 621 1320 668 nam-

203 732 277 802 que
313 720 483 777 sanctum
520 702 741 776 sanctificari
769 702 903 787 adhuc,
940 727 1007 775 nec
1040 727 1108 798 pro
1146 703 1321 775 hesterno

203 812 426 884 hodiernum
455 810 699 882 intermittere
727 810 880 892 lucrum,
908 834 992 880 cum
1023 824 1131 882 nocte
1160 810 1321 905 quadam

202 921 250 992 ad
280 918 486 991 orationem
506 933 657 990 vacaret
686 916 722 987 in
751 916 892 998 cellula,
914 916 1062 988 vocavit
1089 940 1175 988 eum
1195 931 1252 989 ter
1270 915 1321 987 di·

155 1052 172 1115 5
204 1051 311 1098 cens:
344 1023 552 1105 Francisce,
576 1022 783 1105 Francisce,
806 1022 1014 1095 Francisce.
1073 1022 1148 1116 Qui
1171 1047 1321 1118 respon-

204 1132 258 1203 dit
277 1132 425 1203 dicens:
459 1130 560 1223 Quid
580 1128 659 1200 vis?
715 1129 764 1200 Et
783 1129 862 1202 ille:
894 1129 1027 1201 Nullus
1049 1128 1162 1201 estin
1182 1128 1322 1202 mundo

204 1253 390 1335 peccator,
414 1237 483 1322 cui,
505 1236 534 1308 si
564 1261 766 1308 conversus
795 1235 913 1319 luerit,
940 1261 1013 1307 non
1034 1235 1228 1333 indulgeat
1246 1236 1323 1308 Do·

206 1346 346 1426 minus;
377 1345 444 1416 sed
464 1343 690 1439 quicumque
719 1341 959 1439 semetipsum
980 1342 1210 1438 poenitentia
1230 1342 1322 1414 dura

207 1451 404 1533 necaverit,
428 1451 463 1522 in
493 1466 714 1546 perpetuum
739 1448 1029 1522 misericordiam
1051 1474 1125 1521 non
1146 1450 1321 1526 inveniet.

139 1582 177 1628 to
206 1559 338 1631 Statim
354 1573 504 1629 sanctus
519 1581 586 1652 per
600 1555 864 1629 revelationem
881 1556 1061 1653 cognovit
1074 1556 1191 1629 hostis
1208 1556 1322 1649 [lalla-

206 1665 330 1760 c[iam,
354 1664 545 1759 quomodo
565 1663 666 1735 nisus
688 1661 796 1734 luerit
812 1689 897 1735 eum
918 1664 965 1734 ad
986 1662 1112 1758 tepida
1132 1687 1319 1735 revocare.

207 1771 307 1865 Quid
326 1770 442 1868 ergo?
498 1770 582 1842 Non
612 1768 753 1842 destitit
773 1768 943 1841 inimicus
970 1767 1069 1840 aliud
1090 1768 1223 1841 inferre
1243 1794 1324 1841 cer·

205 1897 342 1950 tamen.
402 1877 571 1949 Cernens
599 1876 697 1948 enim
727 1877 827 1972 quod
857 1878 1031 1971 laqueum
1055 1874 1107 1947 sic
1136 1873 1323 1947 occultare

207 2011 280 2058 non
300 1983 431 2081 potuit,
452 1983 564 2056 alium
585 1984 759 2079 laqueum
779 1997 987 2078 praeparat,
1012 1980 1132 2054 carnis
1152 1981 1325 2054 videlicet

140 2118 177 2182 15
208 2090 443 2163 incentivum.
510 2091 663 2162 Frustra
695 2105 831 2172 tamen,
863 2089 1039 2184 quoniam
1078 2088 1139 2185 qui
1174 2088 1325 2184 spiritus

206 2197 452 2294 deprehendit
473 2198 683 2279 versutiam,
707 2221 817 2268 carne
843 2194 1075 2291 sophisticari
1097 2219 1170 2266 non
1190 2193 1321 2291 potuit.

206 2303 374 2377 immittit
402 2328 495 2401 ergo
533 2303 569 2374 in
599 2328 683 2375 eum
714 2302 883 2374 diabolus
916 2300 1174 2401 gravissimam
1203 2316 1326 2374 tenta-

206 2411 347 2485 tionem
376 2411 555 2483 luxuriae.
613 2410 665 2481 At
694 2410 826 2482 beatus
854 2425 970 2506 pater,
993 2408 1116 2481 statim
1146 2425 1187 2481 ut
1205 2407 1325 2507 perci-

207 2520 270 2616 pit,
301 2535 406 2591 veste
439 2517 621 2614 deposita,
652 2518 805 2589 cordula
836 2516 1033 2589 durissime
1065 2541 1106 2588 se
1138 2518 1321 2599 verberat,

138 2648 180 2694 20
207 2625 353 2698 dicens:
385 2624 464 2707 Eia,
502 2625 613 2697 lrater
639 2625 753 2707 asine,
790 2624 842 2694 sie
873 2641 908 2696 te
939 2648 1089 2696 manere
1118 2623 1236 2707 decet,
1273 2623 1325 2695 sic

208 2730 332 2805 subire
361 2730 560 2828 flagellum.
619 2730 764 2803 Tunica
793 2729 985 2828 religionis
1012 2746 1078 2813 est,
1112 2729 1222 2802 furari
1252 2754 1326 2801 non

209 2839 311 2921 licet;
343 2839 372 2910 si
402 2863 478 2933 quo
505 2839 561 2909 vis
590 2862 759 2934 pergere,
782 2863 910 2934 perge.

294 2968 376 3036 117.
409 2944 553 3017 Videus
580 2961 706 3017 autem
735 2960 888 3040 propter
917 2942 1129 3039 disciplinas
1157 2944 1328 3016 tentatio·

210 3078 294 3125 nem
325 3078 398 3124 non
428 3051 632 3133 discedere,
657 3076 739 3123 cum
763 3067 888 3122 tamen
918 3050 990 3122 iam
1009 3049 1187 3122 livoribus
1216 3075 1329 3123 mem-

140 3182 179 3248 25
208 3159 276 3231 bra
304 3174 437 3231 cuneta
465 3158 694 3252 p[i]nxisset,
726 3173 856 3252 aperta
891 3156 1021 3229 cellula
1050 3158 1149 3230 loras
1186 3157 1264 3229 exit
1292 3157 1328 3230 in

209 3266 368 3347 hortum,
400 3282 439 3338 et
468 3266 504 3337 in
534 3289 709 3361 magnam
738 3264 861 3336 nivem
891 3263 1077 3360 demergit
1105 3290 1146 3336 se
1175 3264 1326 3336 nudum.

210 3371 411 3469 Accipiens
448 3387 573 3445 autem
604 3370 726 3444 nivem
756 3370 875 3466 plenis
904 3370 1051 3443 conficit
1080 3370 1260 3453 manibus,
1291 3385 1330 3441 et

111 3484 113 3488 ’
211 3505 258 3550 ex
295 3505 340 3552 ea
369 3479 405 3550 in
444 3477 596 3549 modum
626 3477 723 3573 pilae
760 3493 905 3574 septem
942 3477 1074 3573 glebas
1110 3475 1327 3574 compingit.

212 3586 318 3679 Quas
353 3585 423 3657 sibi
457 3609 673 3681 proponens
705 3584 828 3680 coepit
864 3583 1001 3679 alloqui
1031 3609 1185 3680 corpus:
1217 3583 1327 3664 Ecce,

143 3715 183 3780 30
213 3693 340 3789 inquit,
364 3692 456 3765 haec
478 3691 595 3764 maior
615 3708 791 3763 uxortua
810 3707 885 3763 est:
916 3715 1028 3787 porro
1058 3691 1149 3762 istae
1170 3706 1331 3785 quatuor

213 3800 286 3872 duo
302 3815 388 3872 sunt
408 3798 480 3882 lilii,
498 3814 537 3871 et
556 3798 652 3871 duae
672 3796 768 3870 filiae
783 3814 887 3870 tuae:
906 3796 1069 3893 reliquae
1089 3797 1185 3868 duae
1201 3822 1330 3869 servus

212 3923 298 3978 sunt
316 3922 355 3978 et
373 3903 515 3989 ancilla,
533 3908 667 4000 qu[o]s
685 3904 733 3976 ad
753 3903 990 3977 serviendum
1011 3904 1150 3975 habere
1169 3919 1327 3999 oportet.

213 4014 262 4085 Et
289 4012 431 4098 festina,
466 4010 594 4107 inquit,
630 4036 762 4083 omnes
791 4011 955 4093 induere,
982 4010 1158 4106 quoniam
1192 4009 1330 4108 frigore

289 4258 490 4312 r.Msanctum
506 4259 556 4312 Dei
630 4256 823 4328 7-8..lll)eus
901 4256 1169 4308 io·11.Aastutiam
1248 4253 1330 4309 16.A

214 4340 331 4406 potuerit
407 4354 446 4405 ¹7·
466 4336 497 4389 M
515 4338 590 4389 illum
668 4352 707 4403 25·
731 4339 753 4388 ,l
775 4335 1014 4405 punxisset-exiit
1095 4333 1134 4387 26.
1158 4337 1186 4388 ll
1204 4334 1332 4387 demersit

216 4432 259 4485 27.
278 4416 311 4468 Μ
329 4418 433 4488 Accipit
441 4437 449 4480 ,·
469 4417 490 4470 R
514 4417 655 4486 Recipiens
729 4433 770 4487 29·
793 4415 815 4468 R
837 4432 1007 4485 praeponens
1082 4431 1122 4483 32.
1142 4417 1165 4467 A
1186 4431 1252 4485 quas
