3142 4875
630 308 802 358 LEGENDA
831 309 943 357 PRIMA

231 762 279 833 ln
302 760 491 833 Christi
513 761 699 835 nomine
727 761 974 858 incipiunt
994 761 1226 836 miracula
1246 788 1352 836 san-

312 875 512 949 ctissimi
546 876 704 950 Patris
734 877 885 950 nostri
914 877 1187 950 Francisci.

316 1111 399 1181 127.
431 1089 513 1161 lesu
544 1087 682 1160 Christi
711 1087 864 1160 Domini
887 1087 1001 1159 nostri
1024 1085 1241 1183 suppliciter
1269 1114 1352 1185 gra·

230 1195 320 1267 tiam
336 1195 601 1289 invocante[s]‚
624 1195 673 1266 ad
692 1194 929 1266 excitandam
946 1195 1198 1289 praesentium
1214 1195 1352 1291 ample·

231 1301 404 1374 ctendam
440 1302 681 1373 devotionem
718 1316 756 1373 et
794 1302 1001 1372 futurorum
1035 1301 1351 1373 corroborandam
1382 1333 1401 1396 5

231 1407 354 1491 fidem,
377 1407 563 1489 miracula,
585 1432 681 1504 quae
702 1432 827 1479 coram
856 1406 1009 1479 domino
1029 1408 1130 1502 Papa
1150 1407 1348 1504 Gregorio

231 1530 272 1586 ut
292 1514 430 1586 dictum
451 1529 518 1597 est,
541 1515 706 1609 perlecta
729 1529 816 1586 sunt
834 1529 873 1585 et
891 1514 1032 1609 populo
1051 1513 1228 1596 nuntiata,
1247 1514 1352 1586 Chri·

231 1636 290 1693 sto
318 1621 424 1705 duce,
456 1620 619 1693 breviter
647 1620 714 1693 sed
742 1622 924 1693 veraciter
953 1618 1242 1692 conscribemus,

542 1886 618 1980 [De
644 1884 840 1956 contractis
867 1885 1041 1979 sanatis]

310 2102 343 2173 I.
375 2100 433 2172 Eo
463 2125 624 2195 namque
643 2097 714 2181 die,
737 2123 812 2194 quo
839 2123 985 2169 sacrum
1012 2112 1050 2169 et
1075 2114 1245 2170 sanctum
1275 2124 1353 2170 cor·
1386 2132 1426 2176 10

230 2233 301 2306 pus
328 2205 533 2280 beatissimi
553 2204 668 2302 patris
692 2203 881 2277 Francisci
912 2204 1144 2276 reconditum
1166 2205 1232 2276 suit
1251 2204 1353 2277 velut

231 2311 521 2411 pretiosissimus
541 2313 749 2397 thesaurus,
771 2312 893 2408 magis
916 2311 1253 2407 supercaelestibus
1273 2336 1353 2384 aro·

232 2420 394 2492 matibus
413 2445 525 2516 quarn
555 2419 711 2491 terrenis
740 2418 937 2516 speciebus
958 2417 1197 2512 in[unc]tum.
1220 2444 1353 2516 appor-

232 2541 310 2600 tata
336 2541 394 2598 est
413 2525 537 2622 puella
556 2528 753 2621 quaedam,
776 2524 849 2598 iam
873 2551 1098 2622 perannum
1119 2525 1261 2597 habens
1281 2527 1353 2597 col-

214 2632 307 2705 lum
329 2649 565 2704 monstruose
585 2632 760 2728 plicatum
782 2649 820 2704 et
839 2647 951 2727 caput
973 2632 1129 2703 humero
1149 2632 1349 2717 adnexum,
1386 2660 1423 2724 15

234 2766 302 2813 nec
321 2754 470 2835 poterat
490 2737 558 2810 nisi
577 2765 626 2810 ex
645 2737 798 2835 obliquo
818 2765 964 2811 sursum
987 2739 1184 2834 respicere.
1243 2739 1352 2832 Quae

232 2848 321 2920 dum
350 2848 419 2919 sub
448 2870 545 2928 arca,
576 2844 613 2917 in
642 2871 715 2940 qua
736 2844 940 2941 pretiosum
971 2845 1088 2916 sancti
1119 2845 1352 2916 reconditum

232 2953 378 3026 iacebat
407 2978 552 3048 corpus,
575 2968 689 3047 caput
716 2950 931 3047 aliquandiu
961 2950 1205 3036 submisisset,
1227 2952 1351 3023 statim

232 3060 373 3132 meritis
401 3058 623 3132 sanctissimi
656 3057 723 3130 viri
757 3057 892 3130 collum
927 3057 1056 3137 erexit,
1087 3074 1125 3134 et
1153 3057 1189 3129 in
1219 3058 1353 3130 conde-

232 3167 331 3239 centi
360 3183 457 3238 statu
488 3182 599 3262 caput
618 3164 760 3237 exstitit
784 3180 1006 3260 reparatum,
1030 3164 1081 3235 ita
1100 3166 1201 3259 quod
1230 3163 1354 3259 puella
1382 3190 1426 3236 20

232 3298 280 3345 ex
300 3272 422 3345 subita
442 3272 497 3344 sui
519 3272 724 3344 mutatione
744 3272 1013 3368 obstupefacta,
1033 3270 1141 3342 nimis
1162 3271 1320 3366 coepits
1344 3313 1354 3323 ·

233 3404 325 3476 gere
344 3405 388 3451 ac
407 3378 565 3475 plorare.
624 3380 751 3451 Fovea
767 3379 953 3474 quaedam
970 3403 1132 3473 namque
1147 3379 1355 3472 apparebat

234 3486 269 3558 in
287 3488 443 3558 humero
461 3485 519 3558 cui
540 3501 652 3582 caput
672 3486 792 3558 luerat
811 3483 1048 3581 applicatum,
1071 3499 1224 3580 propter
1243 3484 1354 3555 situm

233 3619 345 3689 quem
375 3593 514 3665 lecerat
543 3591 736 3664 infirmitas
765 3590 950 3663 diuturna.

308 3815 367 3852 1-2.
387 3800 410 3852 E
428 3798 563 3867 Incipiunt
583 3797 712 3850 miracula
767 3799 928 3851 sanctissimi
941 3828 956 3838 -
969 3798 1118 3867 Francisci]
1137 3799 1171 3851 Os
1187 3797 1257 3850 beati
1274 3797 1356 3849 Fran·

233 3880 297 3934 cisci
318 3896 386 3950 quac
407 3879 480 3932 Deus
501 3897 547 3949 per
567 3896 629 3930 enm
650 3892 777 3948 operatus
798 3892 837 3932 est
920 3895 942 3947 3.
959 3879 1045 3932 Eom.
1066 3877 1221 3948 suppliciter
1292 3877 1355 3941 413

233 3962 406 4012 invocantem
471 3960 506 4012 Os
529 3977 579 4012 om.
604 3961 785 4027 praesentium
865 3974 926 4026 4-5.
951 3959 972 4010 L
997 3970 1024 4010 et
1045 3958 1277 4028 amplectendam
1305 3957 1355 4014 Os.

235 4040 291 4101 Ox,
313 4039 332 4090 R
354 4037 626 4108 amplectendamque
633 4057 642 4100 ;
663 4038 708 4092 AS
725 4057 774 4092 om.
860 4039 883 4090 6.
903 4038 933 4091 Η
950 4056 998 4091 om.
1019 4040 1092 4107 Papa
1165 4053 1190 4106 7.
1210 4039 1249 4105 ut]
1271 4036 1293 4089 P
1311 4036 1357 4089 ubi

234 4134 259 4188 9.
273 4120 315 4170 De
329 4121 476 4172 contractis
490 4119 600 4186 sanatis]
616 4136 683 4171 omn.
696 4119 763 4172 codd.
777 4136 826 4171 om.
902 4135 941 4188 13.
959 4119 979 4170 B
995 4118 1166 4170 inhumatum
1243 4133 1283 4181 14.
1298 4116 1355 4180 AS,

233 4199 324 4262 at,
344 4199 385 4251 Ox
401 4199 518 4267 puellula
597 4196 627 4251 16
653 4199 888 4268 AS,Easpicere
964 4214 1003 4266 17.
1026 4198 1143 4252 Oscum
1195 4195 1355 4266 pretiosum]

234 4277 295 4338 AS,
312 4279 335 4329 E
354 4277 556 4347 pretiosissimi;
576 4278 606 4330 H
624 4297 672 4331 om.
750 4279 789 4332 18.
810 4279 830 4331 R
851 4278 1006 4330 immisisset
1082 4294 1121 4348 19.
1141 4275 1313 4343 sanctissimi]
1334 4275 1358 4329 Ε

236 4355 304 4406 beari
378 4371 472 4409 21-22.
494 4357 596 4410 Pflere
