3142 4875
640 305 745 354 nsum
774 304 962 352 ranucrscr
1029 305 1032 312 ’
1314 300 1359 372 55

240 537 405 610 clamans
433 551 474 609 et
501 537 647 610 dicens:
678 537 790 619 Ecce,
821 535 946 610 videte
975 536 1180 634 glutonem,
1208 537 1271 633 qui
1301 537 1364 610 im-

241 644 445 741 pinguatus
473 660 531 717 est
559 644 731 718 carnibus
750 641 983 741 gallinarum,
1007 669 1110 740 quas,
1133 644 1240 717 vobis
1259 643 1364 743 igno-

239 749 417 833 rantibus
450 752 698 824 manducavit.
765 750 1024 823 Accurrebant
1061 750 1217 847 proinde
1260 750 1363 824 multi

240 859 290 931 ad
317 873 393 930 tam
423 857 558 955 ingens
586 858 850 954 spectaculum,
873 873 911 930 et
930 857 1169 954 ingeminatis
1197 857 1364 955 suspiriis

191 993 209 1057 5
243 963 538 1045 collacrimantes
570 964 738 1039 aiebant:
770 963 852 1037 Vae
881 964 989 1036 nobis
1019 964 1172 1048 miseris,
1204 990 1363 1061 quorum

242 1070 317 1143 vita
344 1086 423 1144 tota
442 1088 612 1144 versatur
632 1072 667 1145 in
687 1069 882 1169 sanguine,
904 1086 941 1143 et
962 1070 997 1142 in
1019 1070 1173 1143 luxuriis
1192 1087 1229 1144 et
1249 1071 1365 1145 ebrie·

242 1177 379 1251 tatibus
416 1178 531 1251 corda
558 1195 597 1251 et
625 1203 782 1275 corpora
818 1178 1036 1255 enutrimus.
1092 1176 1231 1275 Sicque
1268 1204 1366 1251 com·

242 1285 368 1381 puncti
398 1285 510 1358 corde
538 1285 587 1358 ad
616 1285 779 1358 melioris
807 1283 905 1357 vitae
934 1298 1071 1357 statum
1100 1300 1206 1358 tanto
1233 1311 1365 1382 provo-

242 1392 423 1464 cabantur
451 1393 637 1489 exemplo,

170 1527 213 1573 ro
324 1520 383 1591 53.
415 1498 535 1571 Multa
572 1524 723 1596 quoque
758 1500 795 1570 in
832 1499 931 1571 hunc
965 1499 1117 1571 modum
1146 1497 1365 1594 saepissime

242 1605 412 1690 faciebat,
437 1622 476 1677 ut
504 1622 542 1678 et
570 1607 610 1677 se
640 1607 760 1703 ipsum
781 1606 945 1702 perfecte
975 1621 1232 1677 contemneret
1259 1622 1298 1678 et
1316 1607 1364 1677 ad

243 1712 423 1785 honorem
453 1729 676 1810 perpetuum
696 1729 866 1785 caeteros
887 1710 1069 1784 invitaret.
1128 1713 1265 1785 Factus
1285 1728 1365 1785 erat

242 1819 311 1892 sibi
341 1835 531 1916 tamquam
560 1845 626 1892 vas
655 1819 852 1916 perditum,
877 1817 976 1891 nullo
1001 1819 1144 1902 timore,
1168 1818 1267 1891 nulla
1296 1821 1365 1891 sol·

242 1925 432 2000 licitudine
466 1952 534 2025 pro
573 1951 730 2022 corpore
765 1943 952 2010 oneratus
984 1926 1239 1998 strenuissime
1277 1925 1365 1998 obii-

174 2056 211 2119 15
244 2031 366 2106 ciebat
385 2033 505 2132 ipsum
527 2032 770 2117 contumeliis,
795 2058 841 2105 ne
861 2032 976 2129 ipsius
1005 2058 1133 2105 amore
1158 2033 1365 2129 temporale

242 2138 381 2236 aliquid
424 2140 689 2236 concupiscere
732 2157 942 2238 cogeretur.
1000 2141 1115 2211 Mira
1151 2139 1363 2211 humilitas.

245 2245 365 2318 Verus
403 2247 457 2342 sui
495 2245 729 2345 contemptor
757 2271 890 2319 omnes
918 2272 959 2318 se
989 2247 1090 2343 ipsos
1124 2262 1365 2318 contemnere

242 2353 358 2425 verbo
386 2371 425 2426 et
452 2353 625 2451 exemplo
663 2353 800 2425 utiliter
835 2353 1051 2426 instruebat.
1111 2352 1212 2447 Quid
1241 2351 1365 2425 enim?

243 2460 557 2557 Magnificabatur
579 2463 627 2535 ab
655 2460 828 2534 omnibus
858 2478 895 2533 et
923 2459 1097 2534 laudabili
1127 2461 1262 2553 iudicio
1282 2461 1367 2533 efle-

169 2590 213 2636 20
243 2568 393 2641 rebatur
421 2593 443 2640 a
472 2569 624 2653 cunctis,
656 2569 723 2641 sed
752 2568 854 2640 solus
889 2567 968 2663 ipse
998 2593 1039 2639 se
1067 2560 1283 2641 vilissimum
1314 2594 1367 2640 re·

243 2675 406 2770 putabat,
429 2674 531 2748 solus
559 2701 599 2748 se
629 2674 888 2747 ardentissime
910 2676 1184 2748 contemnebat.
1243 2674 1366 2771 Saepe

243 2805 405 2877 namque
433 2782 480 2854 ab
509 2781 682 2854 omnibus
711 2782 916 2854 honoratus
943 2782 1072 2854 dolore
1093 2781 1205 2853 nimio
1226 2782 1365 2854 saucia·

243 2889 361 2971 batur,
392 2904 431 2961 et
459 2889 623 2961 favorem
653 2889 857 2960 humanum
887 2914 955 2985 pro
985 2888 1124 2960 loribus
1156 2914 1289 2960 arcens
1318 2889 1366 2960 la·

244 2993 365 3067 ciebat
392 2994 461 3066 sibi
495 2994 530 3094 [e
558 2995 728 3093 regione]
761 2995 809 3068 ab
843 2995 967 3092 aliquo
1006 2996 1233 3090 exprobrari.
1293 2994 1366 3066 Vo-

170 3124 211 3187 25
243 3102 351 3174 cabat
380 3127 530 3198 quoque
559 3103 607 3174 ad
636 3128 677 3174 se
706 3103 856 3175 fratrem
877 3103 1038 3198 aliquem
1062 3102 1191 3174 dicens
1219 3102 1272 3173 ei:
1296 3102 1367 3173 Per

243 3207 494 3281 obedientiam
530 3210 596 3282 tibi
629 3208 712 3281 dico
741 3226 781 3281 ut
810 3208 898 3280 mihi
928 3207 1069 3281 duriter
1105 3207 1297 3292 iniurieris,
1329 3224 1367 3281 et

244 3333 372 3390 contra
410 3300 564 3389 istorum
600 3315 797 3388 mendacia
835 3341 923 3389 vera
960 3315 1134 3412 loquaris.
1194 3314 1366 3411 Cumque

244 3420 354 3494 lrater
383 3422 453 3507 ille,
484 3423 570 3495 licet
598 3423 744 3506 invitus
768 3447 854 3494 eum
883 3422 1072 3501 rusticum,
1095 3422 1366 3494 mercenarium

244 3542 281 3598 et
309 3527 474 3603 inutilem
512 3528 664 3615 diceret,
696 3530 893 3601 subridens
928 3545 966 3601 et
998 3529 1230 3625 applaudens
1258 3529 1367 3625 pluri·

147 3645 215 3722 '30
245 3659 345 3706 mum
386 3637 679 3733 respondebatz·
701 3636 905 3709 Benedicat
943 3635 1007 3707 tibi
1047 3636 1243 3730 Dominus,
1280 3636 1366 3732 quia

237 3740 434 3830 uerissima
470 3742 644 3839 loqueris,
680 3742 769 3815 talia
805 3743 903 3814 enim
941 3743 1051 3813 decet
1086 3741 1215 3815 audire
1254 3742 1366 3814 lilium

314 4041 339 4091 4.
354 4027 389 4081 05
401 4027 434 4081 ad
451 4040 555 4081 tantum
570 4045 608 4098 sp.
683 4045 708 4097 7.
720 4029 751 4082 H
762 4046 810 4081 om.
825 4029 906 4081 corda
922 4040 948 4081 et
961 4038 983 4082 et
996 4029 1040 4099 leg.
1056 4046 1129 4098 corp.
1143 4042 1234 4082 nostra
1309 4034 1332 4085 8.
1350 4034 1367 4086 ll
1389 4024 1393 4031 ’

244 4118 370 4160 statutum
439 4125 478 4163 11.
490 4108 614 4179 perfecte]
630 4110 661 4161 ll
669 4109 794 4179 perficere
868 4125 907 4175 14.
923 4111 971 4175 Os,
983 4110 1161 4163 Phonoratus
1233 4127 1323 4178 14-15.
1336 4115 1369 4165 (lr

245 4185 385 4240 abiiciebat
453 4188 499 4257 '15.
515 4189 558 4241 Or
569 4205 598 4242 se
610 4188 700 4259 ipsum
779 4189 817 4243 18.
833 4190 863 4241 ,ll
875 4190 1048 4242 construebat
1125 4206 1164 4261 19·
1178 4192 1234 4254 AS,
1250 4192 1288 4253 E,
1303 4192 1367 4244 Pab

244 4267 398 4322 hominibus
419 4281 446 4323 et
518 4285 561 4324 21.
580 4270 628 4324 AS
645 4288 693 4324 om.
713 4287 742 4323 se
817 4271 950 4323 22.Hab
972 4271 1213 4326 hominibushon.
1288 4274 1369 4337 zell

246 4350 352 4420 eragine
427 4367 466 4421 31.
483 4350 529 4405 As
542 4350 627 4404 dixisti
645 4351 786 4405 verissima

384 4548 402 4581 Ρ

332 4698 356 4738 '0
