3142 4875
238 305 311 373 354
542 306 749 354 'fuaemus
780 306 825 353 uu
854 305 1051 353 utxncutts

498 417 555 421 Λ*-
577 416 620 420 -,,,
638 417 663 421 ,,
682 416 689 420 .
708 415 925 421 ——.....---,..—.V
942 416 984 421 -,-
1178 413 1360 420 ...ι’-

236 537 341 610 iuxta
370 562 410 609 se
440 539 572 620 stabat,
605 538 717 610 erasit
746 563 829 610 eam
858 540 906 609 de
939 553 1047 610 terra.
1115 535 1231 608 Cuius
1264 536 1360 608 radi·

234 671 318 717 cem
347 669 431 716 cum
463 661 580 716 totam
610 645 798 716 madidam
823 643 1058 740 inspexisset,
1080 642 1201 740 digito
1220 660 1259 715 et
1277 668 1361 740 par-

235 752 321 823 vulo
341 750 445 848 ligno
461 751 586 847 coepit
606 751 734 823 fodere
755 752 1057 847 circumquaque.
1106 750 1238 822 Subito
1259 752 1361 822 fossa

233 859 376 954 repleta
405 874 463 929 est
491 883 589 953 aqua
618 872 655 930 et
684 883 799 955 parva
827 856 962 931 stillula
991 856 1108 930 crevit
1135 855 1170 928 in
1203 856 1357 928 fontem.

234 964 332 1036 Bibit
368 964 501 1037 mulier
529 981 567 1036 et
605 965 739 1038 satiata
775 962 905 1036 oculos
933 964 1031 1045 lavit,
1072 963 1207 1060 quibus
1245 962 1359 1060 longa
1398 997 1409 1055 5

234 1070 470 1167 aegritudine
508 1071 739 1143 obumbratis
773 1069 862 1144 nihil
899 1070 996 1145 clare
1026 1087 1173 1167 poterat
1210 1069 1356 1142 intueri.

236 1177 431 1250 llluminati
460 1178 671 1250 suntoculi
701 1179 793 1260 eius,
815 1193 853 1250 et
882 1179 981 1249 omni
1013 1202 1152 1275 rugosa
1171 1194 1359 1249 vetustate

234 1283 383 1367 abolita,
415 1283 520 1380 quasi
551 1309 648 1357 nova
676 1304 762 1357 sunt
794 1286 877 1356 luce
906 1286 1055 1381 perfusi.
1113 1283 1283 1357 Festinat
1310 1284 1358 1357 ad

235 1392 388 1463 domum
410 1391 550 1474 mulier,
573 1408 610 1463 et
629 1408 704 1464 tam
727 1392 952 1488 stupendum
974 1393 1190 1464 miraculum
1212 1391 1260 1463 ad
1279 1391 1358 1488 glo·

238 1498 327 1570 riam
346 1499 463 1570 sancti
481 1500 509 1569 1⁴*
513 1497 666 1570 rancisci
687 1498 883 1570 denuntiat
903 1498 1093 1570 universis.
1153 1497 1240 1569 Exit
1260 1498 1359 1570 sama
1395 1525 1435 1572 ro

234 1605 282 1676 de
299 1604 486 1687 miracul0,
506 1623 543 1676 et
559 1630 677 1700 usque
692 1605 739 1675 ad
756 1604 846 1677 alias
861 1605 1038 1701 regiones
1056 1605 1175 1702 replet
1191 1604 1356 1675 omnium

235 1735 355 1782 aures
415 1711 578 1784 Currunt
599 1711 762 1807 undique
784 1712 887 1784 multi
906 1711 1018 1784 variis
1042 1712 1183 1784 detenti
1204 1709 1358 1807 languo

234 1818 346 1898 ribus
379 1836 417 1889 et
445 1819 651 1914 praemissa
680 1819 716 1890 in
744 1817 978 1890 consessione
998 1819 1205 1891 animarum
1225 1817 1354 1900 salute,

237 1923 373 1996 ibidem
403 1950 425 1997 a
453 1924 529 1997 suis
559 1924 726 1997 cladibus
754 1923 966 1998 liberantur.
1025 1925 1122 1998 Nam
1144 1925 1247 1996 coeci
1267 1925 1356 1995 reci-

235 2031 342 2128 piunt
370 2031 504 2115 lumen,
546 2031 686 2105 claudis
723 2031 890 2103 redditur
918 2057 1080 2128 gressus
1121 2031 1358 2102 subtiliantur
1395 2059 1430 2122 ¹5

235 2155 273 2209 et
300 2137 450 2235 turgidi,
482 2155 519 2210 et
538 2139 649 2210 variis
669 2138 967 2235 aegritudinibus
986 2138 1088 2210 varia
1109 2137 1357 2210 medicamina

235 2244 470 2316 exhibentur.
529 2246 747 2317 Perseverat
769 2271 885 2340 usque
911 2245 1022 2317 hodie
1043 2247 1125 2317 lons
1146 2245 1195 2316 ibi
1215 2244 1357 2340 perspi·

236 2377 337 2432 cuus,
359 2351 452 2423 etin
474 2351 616 2423 honore
635 2351 752 2423 sancti
774 2351 961 2424 Francisci
983 2352 1121 2424 ibidem
1151 2348 1356 2423 oratorium

235 2474 292 2531 est
322 2473 587 2530 constructum.

321 2584 377 2655 17.
408 2564 598 2661 Tempore
629 2592 702 2660 quo
730 2566 831 2661 apud
860 2591 1027 2639 eremum
1057 2565 1183 2638 Sancti
1214 2562 1355 2637 Urbani
1391 2593 1435 2640 20

233 2671 470 2766 aegritudine
507 2672 728 2769 gravissima
764 2671 966 2771 laborabat,
1008 2698 1092 2745 cum
1127 2672 1252 2745 vinum
1290 2696 1356 2744 ore

234 2778 413 2874 languido
442 2777 658 2873 postularet,
679 2777 767 2851 nibil
797 2781 844 2852 de
871 2780 960 2853 vino
980 2780 1082 2876 quod
1107 2779 1176 2852 sibi
1205 2779 1356 2850 daretur

234 2884 483 2981 respondetur
516 2886 660 2958 adesse.
728 2887 836 2960 lubet
869 2885 937 2960 sibi
973 2913 1109 2982 aquam
1146 2884 1278 2967 afferri,
1318 2904 1357 2956 et

233 2989 382 3063 allatam
413 2991 533 3064 crucis
553 2992 746 3088 signaculo
766 2992 969 3066 benedixit.
1028 2993 1121 3065 Nlox
1142 2991 1178 3065 in
1198 2993 1355 3065 alterum

237 3123 343 3169 usum
364 3099 548 3171 transiens
571 3099 809 3183 elementum,
833 3124 1005 3195 saporem
1026 3100 1218 3197 proprium
1239 3098 1351 3180 exuit,
1389 3123 1408 3167 2
1414 3124 1429 3188 5

235 3202 353 3276 induit
381 3206 633 3303 peregrinum.
691 3206 829 3278 Vinum
859 3206 1018 3278 efficitur
1045 3209 1227 3303 optimum
1254 3205 1355 3301 quod

236 3311 355 3383 suerat
390 3337 487 3407 aqua
521 3338 624 3408 pura,
662 3329 699 3385 et
735 3314 837 3409 quod
873 3330 1075 3410 paupertas
1112 3338 1186 3386 non
1221 3311 1352 3408 potuit,

234 3418 412 3491 sanctitas
431 3420 652 3516 propinavit.
710 3420 773 3492 Ad
793 3420 873 3492 eius
886 3437 1038 3517 gustum
1058 3436 1162 3492 tanta
1183 3418 1355 3492 facilitate

234 3524 422 3598 convaluit
454 3527 567 3599 homo
596 3527 681 3609 Dei,
721 3543 760 3597 ut
790 3529 905 3600 mirae
933 3525 1138 3599 sanationis
1175 3526 1268 3598 mira
1297 3525 1356 3598 illa

233 3632 429 3704 conversio
467 3658 579 3706 causa
616 3634 720 3715 soret,
752 3650 790 3705 et
820 3634 934 3705 mirae
971 3634 1226 3706 conversionis
1264 3633 1355 3705 mira
1390 3658 1431 3722 30

233 3739 378 3812 sanatio
407 3739 512 3811 testis
541 3757 650 3812 esset.

319 3847 374 3917 18.
408 3846 447 3917 ln
477 3847 668 3942 provincia
697 3847 858 3919 Reatina
876 3848 993 3944 pestis
1012 3846 1219 3919 invaluerat
1247 3845 1355 3918 valde

233 3954 368 4049 gravis,
401 3978 499 4049 quae
518 3955 635 4026 boves
654 3979 785 4026 omnes
805 3953 857 4025 sic
878 3955 1078 4026 crudeliter
1097 3953 1353 4037 consumebat,

235 4076 276 4130 ut
303 4059 373 4131 bos
402 4059 438 4132 in
468 4085 513 4132 ea
545 4060 607 4132 vix
642 4059 774 4155 aliquis
804 4077 1023 4133 remaneret.
1083 4060 1174 4133 Viro
1207 4059 1355 4131 cuidam

235 4165 380 4237 timenti
416 4167 540 4239 Deum
580 4185 688 4240 nocte
712 4174 793 4264 ‘per
821 4167 1000 4240 visionem
1039 4167 1200 4239 innotuit
1233 4183 1274 4238 ut
1307 4166 1356 4237 ad
1390 4193 1405 4258 3
1415 4196 1430 4259 ς

310 4407 330 4443 1.
352 4392 382 4442 ll
401 4396 499 4446 extasi:
