3142 4875
595 377 630 423 2
650 377 685 424 2
703 378 738 424 2
1346 383 1687 433 LEGENDA
1748 384 2081 433 SECUNDA

584 613 938 711 Virginis,
980 632 1055 688 et
1109 615 1393 689 varium
1452 619 1662 690 aufer
1716 634 2080 703 ornatum,
2142 645 2309 692 cum
2365 618 2579 693 aliter
2635 619 2819 692 indi-

584 723 938 818 gentibus
1006 748 1153 795 non
1210 723 1489 819 poteris
1556 726 1972 798 subvenire.
2092 725 2337 799 Crede
2395 726 2593 809 mihi,
2657 752 2819 823 gra-

584 827 728 900 tius
786 829 1090 902 habebit
1149 829 1623 928 evangelium
1682 830 1845 904 Filii
1886 832 2162 905 servari
2210 833 2321 905 sui
2385 835 2814 931 [suumque]

582 934 882 1029 spoliari
923 938 1177 1020 altare,
1231 963 1452 1033 quam
1515 936 1747 1010 altare
1787 940 2131 1012 vestitum
2194 940 2613 1036 Filiumque
2655 965 2819 1013 con-

583 1057 971 1137 temptum.
1118 1044 1493 1115 Dominus
1565 1044 1808 1117 mittet
1864 1046 1989 1141 qui
2048 1046 2283 1131 matri,
2346 1049 2550 1144 quod
2610 1046 2819 1120 nobis

582 1148 1105 1235 commodavit,
1166 1149 1524 1223 restituat.

768 1598 918 1691 [De
946 1596 1265 1690 pecunia
1305 1622 1515 1668 versa
1556 1597 1638 1667 in
1675 1596 2109 1694 colubrum}
2224 1595 2653 1669 XXXVIII.

745 1809 865 1879 68.
926 1807 1399 1881 Transeunte
1455 1806 1857 1904 aliquando
1929 1808 2089 1880 viro
2163 1808 2307 1880 Dei
2369 1834 2535 1880 cum
2611 1808 2815 1881 socio

581 1941 717 2013 per
772 1915 1127 2013 Apuliam
1205 1940 1440 2010 prope
1499 1915 1794 1999 Earum,
1866 1914 2146 1986 invenit
2203 1915 2275 1986 in
2341 1914 2462 1988 via
2516 1916 2814 1987 bursam

584 2048 936 2119 magnam
996 2022 1321 2095 denariis
1357 2038 1920 2100 tumescentem,
1965 2047 2156 2117 quae
2215 2021 2442 2095 funda
2487 2021 2815 2120 negotia-

580 2145 824 2203 torum
881 2128 1251 2202 vocabulo
1310 2144 1798 2224 nuncupatur.
1914 2128 2267 2200 Monetur
2304 2153 2349 2201 a
2404 2127 2610 2201 socio
2657 2154 2811 2200 san·

580 2252 765 2319 ctuS,
810 2252 885 2308 et
942 2235 1302 2308 instanter
1342 2235 1712 2307 inducitur
1758 2250 1838 2308 ut
1894 2237 2117 2308 bursa
2154 2233 2452 2307 tollatur
2495 2261 2537 2307 e
2594 2253 2810 2317 terra,

579 2360 657 2415 et
704 2343 1019 2440 pecunia
1060 2343 1511 2439 pauperibus
1552 2356 1925 2439 erogetur.
2042 2341 2428 2413 Attollitur
2466 2342 2706 2439 pietas
2744 2341 2812 2414 in

578 2451 862 2548 egeniS,
910 2468 983 2523 et
1022 2449 1093 2522 in
1152 2450 1593 2547 erogatione
1633 2450 1862 2546 ipsius
1903 2449 2407 2523 misericordia
2446 2475 2815 2523 commen-

518 2643 521 2647 ,
581 2558 818 2629 datur.
933 2558 1260 2629 Recusat
1318 2573 1618 2628 sanctus
1675 2556 1747 2628 id
1806 2555 2100 2653 penitus
2158 2582 2238 2628 se
2297 2558 2681 2640 facturum,
2741 2572 2816 2629 et

581 2681 1084 2736 commentum
1124 2663 1444 2736 affirmat
1483 2665 1639 2735 fore
1697 2662 1993 2736 diaboli.
2108 2663 2279 2734 Non
2317 2661 2509 2747 licet,
2555 2663 2808 2760 inquit,

582 2769 701 2853 fili,
744 2769 1066 2843 alienum
1106 2773 1434 2853 auferre3
1480 2771 1766 2865 peccati
1810 2795 2054 2866 poena
2096 2796 2241 2842 non
2301 2769 2539 2843 meriti
2580 2770 2817 2867 gloria

582 2892 696 2948 est
751 2876 993 2949 aliena
1050 2878 1352 2949 donare.
1471 2877 1867 2949 Recedunt
1906 2878 2001 2949 de
2057 2878 2241 2959 loc0,
2289 2877 2640 2950 festinant
2683 2877 2819 2950 iter

579 2983 938 3079 perficere
997 3002 1369 3080 coeptum.
1486 2983 1638 3055 Sed
1681 2983 2010 3056 nondum
2067 2984 2383 3080 quiescit
2439 2983 2662 3057 frater
2699 3010 2818 3056 va·

581 3116 719 3162 cua
777 3091 1052 3186 pietate
1128 3088 1467 3175 delusus;
1530 3090 1739 3163 addit
1792 3091 2037 3162 adhuc
2105 3091 2814 3187 praevaricationem

2877 2046 2947 2092 10

2874 3117 2948 3164 20

586 3200 1092 3294 [suggerere]
1208 3197 1647 3293 Aequiescit
1665 3214 1966 3269 sanctus
1988 3197 2229 3269 redire
2250 3198 2344 3269 ad
2377 3196 2641 3283 locum,
2669 3223 2814 3270 non
2884 3218 2899 3227 “

580 3320 660 3375 ut
717 3305 960 3376 fratris
1000 3304 1304 3400 impleat
1341 3322 1618 3387 votum,
1665 3305 1798 3377 sed
1839 3321 1918 3375 ut
1965 3303 2166 3377 fatuo
2204 3304 2534 3377 divinum
2576 3321 2816 3376 osten-

579 3411 708 3482 dat
767 3403 1222 3506 mysterium.
1365 3412 1716 3483 Advocat
1787 3411 2129 3483 iuvenem
2206 3412 2626 3506 quemdam,
2693 3410 2814 3508 qui

576 3543 801 3613 supra
858 3536 1165 3614 puteum
1224 3518 1535 3590 sedebat
1591 3517 1663 3589 in
1706 3516 1842 3598 via,
1890 3534 1967 3590 ut
2025 3517 2097 3589 in
2156 3543 2287 3590 ore
2343 3518 2659 3590 duorum
2698 3519 2815 3590 vel

576 3623 796 3697 trium
856 3626 1156 3697 testium
1214 3623 1601 3697 Trinitatis
1660 3622 1934 3698 clareat
1988 3642 2557 3697 sacramentum.
2674 3626 2816 3697 Re·

577 3733 811 3804 versis
870 3732 1014 3804 iam
1075 3732 1310 3804 tribus
1368 3732 1460 3803 ad
1521 3731 1845 3814 fundam,
1915 3731 2301 3827 [denariis]
2364 3757 2531 3804 eam
2603 3733 2814 3804 tumi-

577 3839 749 3911 dam
781 3840 1056 3912 vident.
1160 3839 1511 3910 Prohibet
1549 3855 1850 3910 sanctus
1891 3864 2340 3935 quemquam
2373 3839 2661 3911 illorum
2691 3865 2815 3935 ap·

575 3945 1101 4042 propinquare,
1148 3963 1227 4017 ut
1286 3945 1643 4018 orationis
1688 3945 1959 4017 virtute
2017 3945 2403 4018 daemonis
2459 3947 2816 4041 prodatur

575 4052 881 4125 fallacia.
998 4053 1398 4125 Recedens
1441 4053 1611 4124 inde
1651 4068 2011 4148 quantum
2069 4053 2301 4125 iactus
2354 4069 2469 4124 est
2523 4052 2807 4149 lapidis,

726 4296 766 4330 1.
798 4281 1030 4349 varium]
1063 4280 1102 4333 R
1133 4298 1334 4332 vanum
1487 4296 1532 4348 3.
1564 4279 1861 4348 suumque]
1896 4282 1942 4332 A
1978 4298 2069 4343 ac;
2106 4281 2144 4332 R
2177 4294 2230 4333 et
2380 4299 2420 4351 5.
2452 4283 2608 4335 matri
2642 4283 2808 4354 quod]

575 4357 618 4408 R
658 4372 905 4410 ornatum
948 4377 1109 4429 quem
1293 4378 1343 4430 9.
1384 4362 1573 4430 prope]
1619 4359 1682 4410 M
1719 4363 1862 4412 iuxta
2057 4377 2140 4414 21.
2178 4363 2488 4432 suggerere]
2542 4366 2589 4417 A
2631 4363 2809 4433 fugere

577 4450 659 4500 24.
699 4437 741 4488 R
781 4455 941 4507 super
1088 4438 1167 4493 26.
1212 4441 1258 4492 A
1300 4458 1394 4492 om.
1436 4441 1667 4492 denariis

2869 3648 2940 3715 25
