3142 4875
563 245 771 293 Tuncl'ATUs
802 245 847 293 DE
876 245 1069 292 Mlltact'lls

341 479 423 567 187.
447 475 613 549 Clericus
633 477 783 573 quidam
805 477 852 548 de
872 475 967 549 Vico
982 475 1093 558 Albo,
1113 475 1263 548 nomine
1282 476 1381 547 Mat-

255 585 375 666 theus,
406 608 553 655 veneno
581 583 773 655 mortifero
802 581 928 666 bibito,
960 583 996 655 in
1026 599 1170 655 tantum
1198 599 1381 681 gravatus

257 691 322 762 suit
351 709 389 764 et
413 691 607 763 manifeste
627 689 759 773 laesus,
781 691 883 786 quod
903 689 1028 786 aliquo
1048 690 1160 762 modo
1179 687 1279 785 loqui
1301 715 1379 762 non

255 799 384 870 valens
400 798 519 869 solum
540 795 688 870 finalem
717 797 859 869 exitum
879 797 1133 893 exspectabat.
1191 795 1380 868 Sacerdos

255 905 408 1001 quidam
424 920 463 975 ut
478 901 546 976 sibi
562 903 802 976 confiteretur
815 903 1019 984 admonuit,
1038 921 1075 976 et
1089 904 1245 976 verbum
1262 929 1377 975 unum
1417 933 1437 995 5

256 1013 303 1084 ab
333 1036 379 1083 eo
408 1027 633 1107 extorquere
663 1034 736 1081 non
765 1011 890 1083 valuit.
949 1011 1033 1106 lpse
1060 1027 1186 1082 autem
1207 1011 1243 1082 in
1264 1011 1380 1088 corde

255 1143 324 1190 suo
352 1115 539 1190 humiliter
568 1118 757 1190 Christum
792 1118 933 1200 orabat,
965 1135 1005 1190 ut
1034 1117 1152 1213 ipsum
1182 1142 1250 1214 per
1277 1117 1378 1190 beati

256 1223 443 1297 Francisci
461 1224 592 1297 merita
612 1223 795 1297 liberaret.
845 1224 1022 1320 Moxque,
1041 1249 1124 1296 cum
1145 1223 1244 1296 beati
1266 1224 1380 1296 Fran·

257 1330 343 1403 cisci
365 1355 501 1403 nomen
527 1329 697 1404 flebiliter
716 1330 931 1412 nominavit,
956 1330 1114 1429 [coram]
1138 1331 1295 1403 testibus
1314 1329 1380 1427 qui

255 1438 413 1510 aderant
441 1462 629 1510 venenum
658 1439 834 1510 evomuit.
1419 1467 1461 1510 10

330 1546 412 1616 188.
426 1544 612 1616 Dominus
626 1542 1109 1626 TransmundusAnibaldi,
1123 1543 1381 1616 Romanorum

257 1652 396 1735 consul,
428 1668 597 1747 tempore
626 1677 701 1746 quo
729 1652 829 1748 apud
854 1652 973 1724 Senas
1000 1648 1162 1722 Tusciae
1190 1649 1381 1722 civitatem

257 1757 453 1855 potestatis
472 1757 595 1830 officio
612 1759 845 1856 fungebatur,
867 1756 1088 1830 Nicholaum
1104 1758 1303 1853 quemdam
1326 1782 1382 1829 se·

257 1891 340 1937 cum
371 1865 543 1947 habebet,
574 1865 750 1937 dilectum
782 1866 889 1937 nimis
917 1882 956 1937 et
983 1864 1031 1936 ad
1061 1889 1170 1935 curae
1192 1863 1383 1937 familiaris

256 1972 438 2067 obsequia
472 1989 697 2067 promptum.
763 1972 804 2043 ln
833 1972 937 2043 cuius
966 1971 1115 2043 maxilla
1143 1997 1227 2043 cum
1257 1970 1383 2043 subito
1421 2001 1456 2064 ¹5

256 2078 375 2152 letalis
389 2080 565 2150 subortus
584 2079 713 2152 suisset
734 2080 896 2160 morbus,
916 2068 1107 2183 morte[m]
1128 2078 1286 2150 vicinam
1306 2103 1382 2150 me·

256 2186 328 2257 dici
366 2184 641 2281 praedicebant.
727 2185 912 2281 Soporato
950 2185 1218 2281 aliquantulum
1260 2183 1383 2282 Virgo

256 2293 394 2365 Christi
421 2291 593 2387 apparuit
612 2291 746 2375 Mater,
769 2291 1003 2388 praecipiens
1022 2292 1056 2363 ei
1078 2309 1117 2363 ut
1136 2292 1248 2363 beato
1268 2291 1381 2363 Fran·

256 2400 355 2473 cisco
385 2424 425 2471 se
454 2416 608 2472 voveret
636 2416 674 2472 et
703 2398 818 2497 ipsius
847 2400 990 2496 absque
1019 2423 1124 2471 mora
1151 2399 1279 2471 limina
1298 2397 1382 2470 visi·

257 2524 364 2583 taret.
421 2507 535 2579 Mane
562 2532 734 2604 surgens
770 2532 854 2579 cum
887 2507 1040 2578 domino
1071 2531 1139 2579 suo
1174 2504 1303 2579 recitat
1330 2505 1382 2577 vi·
1413 2535 1456 2582 20

256 2615 418 2697 sionem3
458 2613 612 2686 miratus
649 2614 823 2686 dominus
856 2613 915 2686 ille
948 2615 996 2685 ad
1029 2612 1082 2685 rei
1110 2613 1381 2710 experientiam

258 2720 412 2793 festinus
449 2718 617 2792 accurrit.
686 2721 780 2793 Cum
818 2746 865 2793 eo
893 2720 1006 2817 igitur
1044 2745 1160 2817 usque
1196 2719 1382 2792 Assisium

256 2828 420 2910 veniens
452 2844 540 2899 ante
569 2829 736 2900 tumbam
766 2826 884 2900 sancti
914 2827 1101 2900 Francisci
1131 2827 1290 2899 amicum
1320 2852 1383 2898 ex·

257 2935 397 3031 templo
433 2950 603 3006 sanatum
634 2934 785 3030 recepit.
852 2934 1033 3007 Mirabilis
1062 2932 1169 3006 huius
1197 2932 1383 3029 restitutio

256 3042 434 3123 sanitatis,
467 3041 534 3112 sed
564 3040 766 3113 mirabilior
795 3040 964 3137 dignatio
985 3040 1160 3138 Virginis
1184 3066 1281 3136 quae
1305 3057 1382 3112 tam
1412 3069 1449 3133 25

257 3149 456 3245 dignanter
485 3165 522 3220 et
551 3147 697 3219 infirmo
726 3148 866 3220 homini
897 3147 1174 3223 condescendit.
1197 3164 1235 3219 et
1264 3147 1382 3220 sancti

259 3255 373 3327 nostri
404 3256 535 3326 merita
564 3254 785 3326 sublimavit.

344 3363 428 3451 189.
458 3362 683 3434 Succurrere
713 3362 816 3434 novit
837 3362 894 3434 hic
915 3378 1065 3435 sanctus
1086 3362 1258 3433 omnibus
1277 3359 1385 3432 invo-

257 3464 428 3540 cantibus
448 3469 579 3565 ipsum‚
603 3494 671 3541 nec
691 3468 920 3566 dedignatur
940 3469 1131 3541 hominum
1152 3465 1383 3563 qualescum-

258 3601 332 3671 que
353 3576 605 3648 necessitates.
665 3576 704 3647 ln
721 3576 913 3671 Hispania,
931 3576 1031 3671 apud
1048 3575 1225 3647 Sanctum
1242 3575 1383 3647 Facun·
1413 3602 1452 3666 30

258 3683 358 3765 dum,
391 3682 445 3752 vir
482 3682 633 3778 quidam
670 3708 840 3755 cerasum
878 3684 1041 3756 habebat
1069 3682 1105 3754 in
1135 3683 1255 3764 horto,
1287 3707 1383 3778 quae

259 3792 394 3861 uberes
414 3814 461 3861 ex
481 3814 522 3861 se
541 3789 680 3861 fructus
700 3790 892 3861 annuatim
916 3791 1127 3886 producens
1146 3788 1276 3861 cultori
1297 3814 1385 3885 pro·

259 3896 406 3968 liciebat
435 3896 482 3967 ad
512 3896 665 3967 lucrum.
724 3896 915 3993 Tempore
935 3897 1098 3992 quodam
1119 3897 1308 3968 desiccata
1327 3911 1385 3968 est

1531 3320 1541 3357 1

332 4129 355 4166 2.
376 4113 611 4180 veneno-bibito]
628 4113 676 4164 ΡΑ
691 4130 827 4165 venenum
852 4112 1021 4166 mortiferum
1045 4113 1116 4176 bibit,
1139 4114 1242 4183 dequo
1315 4129 1340 4178 4.
1357 4112 1385 4165 fi-

259 4192 363 4261 nalem]
379 4195 424 4245 fa
449 4193 566 4245 subitum
643 4208 663 4259 5.
684 4194 975 4263 quidam-admonuit]
990 4195 1037 4246 ΡΑ
1051 4211 1116 4247 vero
1131 4204 1160 4246 ut
1173 4194 1197 4246 ei
1210 4190 1386 4246 confiteretur

261 4272 377 4323 adeum
402 4273 517 4324 accessit
607 4274 630 4326 8.
652 4273 781 4343 Moxque]
804 4273 852 4327 ΡΑ
873 4274 929 4337 Qui
1031 4288 1055 4344 9.
1076 4272 1198 4331 flebiliter
1217 4273 1384 4342 nominavit]

261 4349 308 4401 Fr
330 4350 446 4420 denique
463 4353 614 4404 nominaret
654 4355 682 4404 ,ll
701 4371 750 4405 om.
767 4370 860 4405 coram
940 4354 977 4407 16.
1001 4353 1135 4406 Mmorte
