3142 4875
608 367 713 416 BEATI
741 366 926 415 rnnuclscl
1251 363 1323 436 215

204 615 276 672 tur.
335 600 443 673 Hanc
463 625 557 698 ergo
576 602 728 673 domum
758 600 923 673 funditus
942 601 1148 684 evertisset,
1171 600 1239 674 nisi
1262 602 1326 675 mi-

205 706 291 778 lites
309 705 371 802 qui
391 707 599 791 adstabant,
622 733 705 780 eam
725 707 1001 780 communitatis
1021 724 1058 781 et
1078 734 1152 780 non
1173 708 1325 782 fratrum

205 812 384 898 dicentes,
408 814 542 887 fervori
563 814 618 886 sui
639 814 789 910 spiritus
809 814 1049 888 obstitissent.

346 1224 422 1317 [De
448 1223 551 1295 domo
578 1223 817 1304 Bononiensi,
847 1222 889 1295 dc
916 1248 991 1318 qna
1020 1222 1191 1321 infirmos

579 1337 711 1436 ez'ecz't].
769 1336 945 1409 XXVIII.

289 1555 347 1645 58.
386 1554 447 1626 De
493 1552 645 1627 Verona
686 1555 850 1650 quodam
889 1570 1059 1650 tempore
1097 1552 1245 1626 rediens
1285 1569 1324 1626 et

203 1686 273 1757 per
292 1661 499 1732 Bononiam
524 1661 681 1733 transire
701 1660 841 1743 volens
865 1660 968 1733 audit
997 1661 1149 1732 fratrum
1169 1661 1323 1733 domum

205 1765 351 1840 noviter
370 1766 419 1839 ibi
438 1792 523 1840 esse
551 1783 814 1840 constructam.
873 1767 959 1860 Qui,
982 1767 1149 1863 eoquod
1169 1768 1323 1840 fratrum

204 1875 358 1947 domum
390 1875 546 1947 verbum
576 1872 748 1956 insonuit,
784 1899 956 1972 gressum
984 1872 1105 1958 vertit,
1137 1888 1174 1946 et
1201 1874 1323 1946 Bono·

135 2006 174 2053 10
205 1980 304 2054 niam
325 2005 399 2053 non
427 1981 613 2054 accedens
631 1980 779 2053 aliunde
800 1981 1023 2076 pertransiit.
1082 1981 1238 2053 Mandat
1262 1982 1324 2053 de-

204 2088 317 2184 nique
346 2087 520 2160 fratribus
549 2089 700 2160 domurn
730 2088 949 2161 festinanter
982 2087 1096 2159 exire.
1167 2087 1324 2184 Propter

204 2196 305 2291 quod
335 2194 462 2267 relicta
489 2195 604 2266 domo
628 2195 739 2267 etiam
770 2194 904 2267 infirmi
934 2218 1007 2266 non
1028 2210 1232 2276 remanent,
1254 2196 1322 2267 sed

203 2300 399 2373 eliciuntur
430 2327 513 2374 cum
543 2302 633 2374 aliis.
706 2303 786 2374 Nec
815 2301 995 2375 redeundi
1025 2298 1173 2374 licentia
1200 2300 1318 2382 datur,

203 2408 324 2481 donec
352 2408 525 2482 dominus
553 2409 680 2508 Hugo,
703 2425 791 2482 tunc
819 2406 1031 2482 Hostiensis
1057 2407 1256 2506 episcopus
1285 2424 1323 2482 et

134 2549 170 2614 15
204 2515 239 2587 in
260 2516 487 2589 Lombardia
514 2517 672 2615 legatus,
696 2517 848 2590 domum
877 2517 1106 2613 praedictam
1139 2515 1319 2613 [publice]

202 2622 455 2719 praedicando
492 2650 598 2696 suam
639 2650 721 2697 esse
760 2624 976 2719 proclamat.
1047 2622 1322 2696 Testimonium

203 2730 374 2825 perhibet
401 2747 440 2803 et
467 2730 593 2803 scribit
621 2731 714 2803 haec
744 2731 804 2803 ille
832 2730 895 2827 qui
923 2747 1013 2802 tunc
1041 2730 1089 2803 de
1122 2731 1235 2803 domo
1263 2756 1322 2803 ae-

202 2850 334 2933 grotus
362 2836 503 2909 eiectus
532 2836 608 2910 fuit.

399 3246 475 3339 [De
502 3244 592 3316 cella
619 3270 684 3316 sno
712 3246 862 3317 nomini
873 3247 984 3341 facta
1011 3273 1124 3342 qnam

496 3360 642 3432 intrare
669 3360 820 3457 noluit}
879 3361 1022 3434 XXIX.

286 3594 343 3664 59.
384 3575 545 3647 Nolebat
586 3574 758 3648 locellum
800 3576 961 3673 aliquem
1005 3577 1137 3650 fratres
1179 3578 1320 3650 inhabi-

201 3695 291 3762 tare,
315 3680 382 3752 nisi
403 3697 526 3755 certus
554 3682 602 3755 ad
632 3708 743 3778 quem
763 3683 973 3780 proprietas
998 3684 1211 3779 pertineret,
1236 3710 1321 3756 con·

201 3802 316 3860 staret
344 3805 535 3884 patronus.
593 3790 718 3887 Leges
747 3791 846 3862 enirn
876 3790 1161 3888 peregrinorum
1181 3791 1217 3862 in
1238 3790 1320 3863 filiis

201 3918 350 3990 semper
381 3894 573 3990 quaesivit,
605 3897 674 3968 sub
703 3895 825 3969 alieno
853 3896 1027 3969 videlicet
1055 3896 1178 3995 colligi
1208 3913 1318 3979 tecto,

130 4034 171 4100 25
202 4000 354 4097 pacifice
382 4002 653 4101 pertransi[re],
676 4004 777 4077 sitire
797 4007 845 4076 ad
873 4002 1042 4100 patriam.
1101 4004 1198 4075 Nam
1225 4021 1263 4077 et
1283 4004 1320 4076 in

201 4130 328 4179 eremo
347 4107 507 4181 Sartiani
530 4135 614 4181 curn
635 4110 887 4207 interrogatus
911 4110 1024 4184 frater
1042 4136 1064 4184 a
1088 4109 1200 4182 fratre
1220 4112 1319 4184 unde

273 4325 474 4380 8.llom.esse
548 4327 770 4392 14.Mom.tunc
845 4331 985 4399 15.Aom.
999 4329 1106 4401 publice
1178 4331 1320 4400 17.Rh0c

203 4418 243 4456 22.
265 4404 297 4456 M
314 4422 361 4457 om.
382 4407 528 4476 proprietas
602 4421 643 4475 25·
662 4409 687 4461 A
707 4410 848 4478 pertransit
