3142 4875
212 391 285 477 362
516 410 724 459 inamatus
753 411 800 457 on
828 409 1021 458 nirnxcums

209 671 277 743 per
305 671 389 717 eum
419 646 610 742 accepisse
631 644 732 740 quod
752 643 786 716 ei
808 661 1050 742 negaverant,
1072 645 1214 742 gratias
1241 669 1330 742 ege-

209 768 294 824 runt
322 750 568 847 omnipotenti
599 752 694 833 Deo,
717 751 779 847 qui
799 776 949 847 semper
969 752 1004 823 in
1026 751 1142 824 servis
1161 752 1237 823 suis
1264 752 1330 823 mi·

209 858 363 931 rabilem
395 875 433 931 et
460 857 659 931 amabilem
689 883 730 930 se
759 858 934 930 ostendit.

291 989 349 1058 34.
384 965 442 1037 De
473 965 654 1060 Hispania
682 965 902 1061 regrediens
922 982 1073 1037 sanctus
1093 966 1326 1048 Franciscus,

208 1097 293 1145 cum
323 1097 397 1144 non
426 1070 610 1168 potuisset
629 1071 732 1143 iuxta
760 1086 890 1142 votum
911 1071 1163 1145 Marrochium
1185 1072 1329 1168 prolici-
1363 1101 1380 1165 5

207 1177 270 1260 sci,
301 1178 576 1275 aegritudinem
604 1177 756 1250 incurrit
785 1177 1055 1275 gravissimam.
1115 1179 1210 1250 Nam
1240 1204 1328 1276 ege·

207 1301 305 1358 state
333 1310 417 1357 cum
447 1284 628 1381 languore
648 1285 808 1358 afflictus
837 1301 875 1357 et
904 1284 1066 1382 hospitio
1094 1285 1251 1382 hospitis
1271 1311 1328 1356 ru·

207 1390 367 1464 sticitate
384 1392 511 1488 pulsus
526 1417 593 1487 per
608 1392 770 1464 triduum
787 1390 973 1487 loquelam
994 1389 1127 1462 amisit.
1178 1391 1329 1464 Viribus

208 1499 361 1571 tandem
382 1515 585 1594 utcumque
605 1498 814 1594 resumptis,
833 1523 901 1594 per
914 1498 1012 1570 viam
1028 1497 1205 1594 gradiens
1225 1498 1326 1570 sratri

209 1606 401 1678 Bernardo
420 1604 514 1677 dixit
534 1605 628 1686 sesi
650 1605 814 1684 haberet.
839 1604 886 1677 de
907 1629 980 1676 una
990 1604 1134 1677 avicula
1144 1625 1326 1677 comesto·
1363 1634 1404 1679 10

208 1738 300 1784 rum.
359 1711 408 1783 Et
437 1737 527 1785 ecce
555 1737 623 1808 per
651 1737 824 1808 campum
845 1712 997 1807 quidam
1017 1736 1135 1806 eques
1155 1714 1324 1796 accurrit,

207 1844 315 1891 avem
330 1835 485 1917 portans
504 1817 768 1914 peroptimam;
787 1818 849 1914 qui
866 1820 978 1891 beato
998 1817 1198 1891 Francisco
1213 1819 1323 1891 dixit:

207 1926 323 1998 Serve
353 1924 435 2008 Dei,
468 1924 615 2021 suscipe
650 1924 851 2021 diligenter
888 1926 989 2021 quod
1024 1924 1090 1997 tibi
1128 1924 1327 1998 clementia

207 2032 331 2104 divina
361 2032 585 2104 transmittit.
644 2031 818 2127 Suscepit
847 2057 930 2103 cum
954 2032 1095 2128 gaudio
1115 2058 1266 2114 munus;
1289 2049 1328 2105 et

208 2138 398 2212 Christum
427 2139 482 2210 sui
524 2139 662 2211 habere
700 2164 826 2210 curam
856 2137 1077 2236 intelligens,
1109 2138 1229 2235 ipsum
1260 2165 1328 2236 per
1364 2169 1399 2233 ¹5

208 2246 334 2318 omnia
364 2244 565 2318 benedixit.
1263 2249 1266 2258 '

290 2375 350 2446 35.
375 2355 470 2425 Cum
493 2351 528 2424 in
558 2351 696 2449 palatio
716 2352 882 2451 episcopi
904 2350 1051 2424 Reatini
1072 2352 1210 2424 iaceret
1229 2352 1325 2424 infir-

210 2486 301 2540 mus,
319 2460 482 2532 tunicula
498 2475 643 2531 vetusta
658 2475 852 2533 contectus
873 2485 1077 2556 pauperum
1098 2477 1214 2556 pater,
1232 2459 1327 2533 dixit

207 2566 323 2639 semel
352 2566 413 2639 uni
443 2567 491 2637 de
519 2564 638 2638 sociis,
669 2592 782 2662 quem
811 2592 918 2639 suum
948 2564 1190 2639 constituerat
1218 2593 1327 2665 guar·

208 2674 375 2746 dianum:
408 2673 562 2753 Vellem,
592 2673 711 2755 frater,
741 2673 771 2745 si
805 2699 946 2769 posses
977 2689 1017 2745 ut
1042 2697 1206 2769 pannum
1236 2674 1325 2746 mihi
1358 2706 1401 2752 20

207 2806 275 2877 pro
304 2805 378 2851 una
405 2779 531 2852 tunica
560 2779 757 2852 invenires.
816 2779 989 2851 Revolvit
1025 2781 1060 2851 in
1101 2796 1225 2852 mente
1258 2806 1326 2854 sua

208 2888 320 2960 frater
347 2888 439 2958 haec
468 2885 633 2967 audiens,
666 2887 858 2982 quomodo
877 2911 1042 2983 pannum
1059 2903 1134 2959 tam
1157 2912 1327 2960 necessa·

175 3061 178 3065 .
207 2993 301 3065 rium
320 3010 474 3087 tamque
493 2993 680 3064 humiliter
698 2993 928 3090 postulatum
949 2992 1128 3089 acquirat.
1188 2995 1227 3065 ln
1249 3019 1325 3067 cra-

207 3101 304 3172 stino
337 3115 475 3179 autem,
506 3124 652 3172 summo
689 3098 860 3183 diluculo,
893 3101 1062 3195 procedit
1100 3100 1148 3172 ad
1177 3119 1325 3197 portam

207 3207 323 3279 iturus
353 3206 388 3277 in
418 3206 542 3278 villam
571 3232 639 3302 pro
669 3232 814 3303 panno;
845 3222 884 3279 et
913 3232 1000 3278 ecce
1030 3207 1144 3280 homo
1172 3207 1324 3303 quidam
1357 3238 1396 3303 25

207 3315 310 3386 iuxta
329 3314 464 3385 ostium
486 3312 616 3385 volens
635 3312 735 3409 loqui
765 3312 826 3392 illi.
884 3314 958 3408 Qui
980 3312 1073 3385 dixit
1091 3316 1139 3386 ad
1161 3314 1322 3387 fratrem:

206 3422 349 3493 Amore
370 3419 532 3500 Domini,
553 3422 675 3503 irater,
693 3421 823 3517 accipe
851 3445 874 3492 a
903 3447 962 3493 me
982 3445 1147 3518 pannum
1169 3446 1237 3517 pro
1257 3446 1324 3494 sex

207 3527 350 3607 tunicis,
369 3543 407 3599 et
422 3552 496 3600 una
511 3527 662 3622 quidem
678 3527 743 3599 tibi
761 3544 916 3609 retenta,
937 3528 1097 3623 reliquas
1113 3554 1182 3623 pro
1200 3529 1325 3600 anima

208 3660 290 3706 mea
319 3634 509 3716 distribue,
532 3633 626 3705 sicut
645 3631 778 3730 placet.
838 3634 1077 3706 Exhilaratus
1097 3635 1210 3708 frater
1229 3635 1325 3706 redit

206 3743 252 3813 ad
274 3741 424 3813 beatum
445 3741 695 3819 Franciscum‚
714 3756 751 3812 et
768 3740 921 3813 caelitus
942 3741 1075 3813 laetam
1096 3739 1323 3814 oblationem
1359 3772 1402 3835 30

205 3849 409 3921 denuntiat.
469 3847 538 3919 Cui
569 3864 693 3943 pater:
725 3848 867 3945 Accipe
895 3847 1047 3929 tunicas
1071 3847 1158 3944 quia
1187 3848 1221 3920 in
1252 3847 1324 3921 hoc

205 3954 339 4026 missus
367 3971 434 4038 est,
467 3971 506 4027 ut
544 3979 651 4027 meae
689 3955 901 4028 necessitati
938 3954 1060 4027 taliter
1096 3954 1322 4028 subveniret.

205 4062 364 4145 Gratias
388 4061 516 4157 inquit,
539 4060 597 4142 illi,
621 4061 683 4157 qui
713 4063 833 4134 solum
863 4062 910 4134 de
941 4062 1047 4133 nobis
1076 4061 1221 4159 uidetur
1241 4086 1327 4135 esse

205 4168 393 4239 sollicitus.

286 4278 344 4364 36.
378 4275 686 4346 Commorantem
716 4277 867 4347 beatum
896 4273 1015 4346 virum
1046 4275 1081 4346 in
1111 4275 1326 4347 eremitorio
1360 4308 1400 4371 35

279 4511 318 4548 22.
341 4497 392 4550 ΑΒ
412 4499 464 4551 hoc
