3142 4875
590 300 694 349 uenit
724 300 909 350 munctsct
1235 298 1309 369 279

189 534 272 606 bat:
305 535 346 606 In
374 532 604 631 praelatione
634 560 753 619 casus,
775 533 812 607 in
841 534 951 608 laude
980 533 1248 630 praecipitium,
1272 534 1308 607 in

190 639 397 714 humilitate
434 641 571 714 subditi
607 643 755 715 animae
793 641 934 714 lucrum
968 657 1035 712 est.
1107 642 1184 713 Cur
1216 666 1310 739 ergo

192 747 394 847 [periculis]
427 750 625 846 plusquam
655 748 766 821 lucris
795 747 1033 833 attendimus,
1057 773 1141 820 cum
1161 764 1310 846 tempus

190 854 239 927 ad
267 852 485 928 lucrandum
515 855 705 953 cepimus?
1262 844 1266 854 ’

145 1189 162 1253 5
278 1161 355 1266 [De
381 1168 597 1241 subiectione
624 1194 737 1265 quam
765 1169 904 1241 volebat
917 1170 1069 1264 fratres
1096 1167 1228 1241 habere

428 1277 481 1348 ad
504 1276 660 1357 clericos,
690 1286 724 1348 et
750 1280 894 1372 quare}
954 1274 1067 1348 CVII.

278 1462 360 1547 146.
379 1457 485 1530 Licet
504 1474 629 1531 autem
650 1483 733 1530 cum
754 1457 927 1531 omnibus
947 1456 1159 1531 hominibus
1177 1483 1310 1556 pacem

190 1564 331 1637 habere
359 1563 454 1636 lilios
473 1564 584 1637 vellet
602 1581 716 1661 atque
736 1562 918 1638 universis
946 1564 1122 1661 parvulos
1141 1590 1181 1639 se
1201 1591 1311 1662 prae-

189 1672 290 1752 bere,
314 1669 456 1744 clericis
484 1687 609 1745 tamen
640 1672 803 1744 maxime
822 1671 981 1745 humiles
1001 1697 1085 1745 esse
1112 1673 1229 1744 verbo
1248 1674 1312 1744 do·

124 1801 161 1847 10
190 1777 276 1863 cuit,
293 1803 336 1851 ac
357 1779 576 1852 monstravit
594 1777 779 1876 exemplo.
829 1778 991 1852 Dicebat
1009 1777 1128 1851 enim:
1151 1779 1192 1850 In
1212 1779 1312 1851 adiu·

189 1884 325 1958 torium
341 1885 559 1958 clericorum
581 1884 681 1958 missi
702 1912 831 1958 sumus
845 1887 893 1958 ad
913 1886 1120 1959 animarum
1139 1887 1309 1969 salutem,

192 2007 231 2064 ut
258 1994 360 2089 quod
389 1993 425 2064 in
455 1994 524 2065 illis
553 1994 674 2065 minus
703 1993 889 2066 invenitur
912 1993 1130 2089 suppleatur
1149 2017 1171 2065 a
1191 1992 1310 2065 nobis.

191 2098 362 2196 Recipiet
391 2100 646 2197 unusquisque
675 2100 887 2173 mercedem
918 2124 991 2171 non
1021 2099 1227 2172 secundum
1250 2125 1311 2171 au-

191 2206 411 2290 ctoritatem,
437 2207 505 2279 sed
534 2208 740 2279 secundum
768 2206 947 2279 laborem.
1004 2205 1156 2290 Scitote,
1180 2205 1308 2301 inquit,

125 2335 161 2400 15
192 2314 333 2394 fratres,
364 2315 571 2386 animarum
607 2314 764 2386 lructum
799 2313 886 2386 Deo
922 2313 1176 2410 gratissimum
1213 2337 1309 2397 esse,

193 2419 398 2517 meliusque
418 2420 519 2493 illum
540 2421 719 2518 consequi
739 2446 852 2518 posse
871 2447 975 2518 pace,
994 2447 1106 2517 quam
1126 2419 1313 2493 discordia

193 2528 421 2601 clericorum.
481 2529 594 2623 Quod
624 2530 653 2603 si
683 2529 751 2626 ipsi
781 2529 939 2601 salutem
969 2527 1178 2624 impediunt
1196 2553 1312 2625 popu-

192 2633 321 2719 lorum,
353 2635 426 2707 Dei
455 2652 513 2708 est
541 2636 631 2708 ultio
660 2654 698 2708 et
727 2636 807 2732 ipse
840 2636 1021 2708 retribuet
1052 2633 1106 2707 eis
1144 2634 1180 2707 in
1218 2650 1313 2708 tem-

192 2767 294 2838 pore.
358 2742 447 2815 Ideo
482 2759 604 2815 estote
640 2743 796 2815 subiecti
834 2741 1019 2839 praelatis,
1052 2767 1099 2813 ne
1133 2758 1313 2838 quantum

97 2842 163 2913 ¹20
192 2874 240 2921 ex
260 2848 367 2921 vobis
395 2867 452 2921 est
470 2851 570 2922 zelus
599 2848 732 2946 aliquis
760 2866 901 2946 surgat.
959 2848 998 2921 Si
1027 2848 1089 2921 filii
1118 2848 1221 2944 pacis
1240 2851 1315 2921 fue-

194 2955 281 3039 ritis,
313 2954 453 3028 clerum
482 2973 520 3028 et
547 2957 726 3052 populum
756 2957 843 3028 Deo
872 2956 1115 3040 lucrabimini,
1136 2956 1237 3051 quod
1257 2982 1315 3030 ac-

194 3061 412 3160 ceptabilius
441 3062 579 3135 iudicat
607 3063 804 3146 Dominus,
832 3089 945 3159 quam
974 3062 1153 3160 populum
1182 3062 1312 3147 solum,

194 3170 293 3243 clero
329 3168 589 3250 scandalizato,
621 3169 767 3248 lucrari,
837 3170 985 3268 Tegite‚
1023 3170 1151 3267 inquit,
1183 3196 1313 3242 eorum

193 3301 311 3357 casus,
344 3275 564 3373 multiplices
602 3277 772 3373 supplete
811 3279 991 3361 delectus,
1023 3293 1061 3350 et
1098 3303 1182 3349 cum
1219 3277 1312 3349 haec

123 3400 162 3467 25
193 3382 363 3467 feceritis,
395 3382 610 3456 humiliores
638 3399 769 3456 estote.

331 3694 404 3792 [De
431 3696 635 3768 reverentia
663 3722 774 3790 quam
803 3696 977 3767 exhibuit
1006 3695 1181 3789 Episcopo

552 3803 762 3900 Imolensz]
822 3802 953 3874 CVIII.

281 4005 364 4077 147.
388 3986 563 4080 Quodam
594 4002 764 4084 tempore
792 3987 998 4060 deveniens
1026 4003 1176 4058 sanctus
1205 3986 1317 4057 Fran-

196 4091 315 4166 ciscus
343 4094 495 4166 Imolam
518 4093 707 4166 civitatem
727 4095 998 4192 Romagnolae,
1023 4093 1317 4190 repraesentavit

267 4283 334 4352 3.A
354 4284 546 4355 om.pe1iculis
602 4285 632 4336 Il
649 4284 818 4337 accendimur
906 4302 947 4339 22.
969 4286 998 4337 ,tt
1013 4283 1134 4336 Domino
1223 4297 1263 4351 29.
1285 4283 1317 4333 tt

195 4360 395 4432 Romagniolae
