3142 4875
233 335 308 403 294
608 335 782 385 LEGENDA
810 335 976 385 SECUNDA

1082 441 1346 451 ———-——

229 568 351 668 Ligna
388 570 589 642 caedentes
625 570 759 643 iratres
793 569 968 667 prohibet
1002 585 1120 642 totam
1158 568 1350 641 succidere

228 678 412 760 arborem,
446 693 485 748 ut
513 702 619 772 spem
650 677 788 749 habeat
816 677 949 749 iterum
970 676 1185 773 pullulandi.
1244 676 1351 748 Iubet

229 783 466 856 hortulanum
504 783 713 856 indelossos
750 783 886 856 limites
914 783 1012 856 circa
1045 784 1192 855 hortum
1231 780 1351 854 dimit-

229 906 319 974 tere,
352 907 392 962 ut
419 889 495 962 suis
522 890 755 986 temporibus
796 891 995 963 herbarum
1024 890 1124 963 viror
1151 906 1190 962 et
1217 888 1349 961 florum

229 999 445 1094 ve[n]ustas
472 995 691 1093 praedicent
710 998 921 1093 speciosum
951 1022 1072 1070 rerum
1102 996 1267 1068 omnium
1288 1022 1350 1092 pa·
1386 1024 1401 1087 5

231 1121 337 1176 trem.
395 1101 595 1176 Hortulum
625 1105 661 1175 in
691 1102 800 1175 horto
823 1102 948 1175 herbis
977 1103 1171 1176 odoriferis
1200 1120 1237 1175 et
1256 1101 1351 1175 flori-

232 1211 310 1283 ficis
338 1209 518 1307 praecipit
546 1210 747 1309 designari,
779 1226 819 1282 ut
847 1208 883 1281 in
913 1210 1132 1283 memoriam
1158 1208 1352 1283 suavitatis

230 1334 406 1391 aeternae
435 1332 594 1390 avocent
622 1316 870 1414 speculantes.
929 1317 1042 1416 Legit
1066 1318 1112 1389 de
1141 1316 1201 1390 via
1221 1316 1352 1388 vermi-

232 1424 345 1508 culos,
368 1449 415 1496 ne
435 1424 593 1520 pedibus
623 1423 896 1508 conculcentur,
929 1440 966 1497 et
994 1424 1136 1520 apibus,
1162 1450 1208 1496 ne
1228 1421 1352 1495 inedia

231 1546 387 1628 pereant
406 1531 442 1603 in
463 1530 584 1628 glacie
613 1530 786 1625 hyemali,
809 1530 881 1603 mel
910 1548 948 1603 et
975 1533 1116 1628 optima
1144 1531 1229 1602 vina
1250 1530 1352 1602 iubet
1388 1553 1428 1601 10

232 1637 382 1735 apponi.
441 1638 622 1710 Fraterno
653 1636 797 1735 [vocat]
829 1640 979 1711 nomine
1004 1637 1177 1711 animalia
1206 1654 1349 1720 cuncta,

231 1744 318 1817 licet
336 1744 372 1815 in
393 1745 493 1816 omni
514 1743 639 1841 specie
668 1745 869 1816 bestiarum
891 1743 1114 1842 praediligat
1144 1759 1367 1834 mansueta..

234 1852 328 1945 Quis
356 1876 529 1923 enarrare
559 1867 692 1923 cuncta
725 1850 908 1923 sufficiat?
972 1851 1164 1948 Siquidem
1204 1849 1351 1923 fontalis

233 1957 293 2030 illa
320 1959 478 2040 bonitas
501 1981 598 2054 quae
618 1957 743 2029 omnia
768 1958 803 2029 in
833 1958 1007 2030 omnibus
1036 1978 1093 2030 est
1123 1959 1253 2041 lutura,
1277 1958 1350 2029 iam

232 2082 363 2137 sancto
391 2065 476 2136 huic
506 2063 630 2137 omnia
659 2063 694 2136 in
724 2064 898 2136 omnibus
927 2066 1165 2138 clarescebat.
1387 2087 1425 2152 ¹5

236 2392 441 2491 [Quomodo
473 2394 573 2488 eptae
607 2400 798 2464 creaturae
832 2391 910 2464 sibi
940 2392 1081 2464 amores
1114 2393 1354 2489 rependebant

288 2510 413 2590 oz'cem,
442 2511 535 2580 etde
556 2510 642 2605 εἷκε
659 2510 730 2604 qui
744 2534 827 2579 eum
846 2534 918 2580 non
941 2508 1079 2606 laerz't].
1138 2509 1295 2581 CXXV.

321 2708 403 2775 166.
437 2703 651 2799 [Ni]tuntur
679 2703 837 2799 proinde
862 2718 1054 2776 creaturae
1082 2729 1213 2777 omnes
1232 2703 1352 2778 vicem

234 2811 371 2883 amoris
412 2811 621 2908 rependere
662 2827 803 2892 sancto,
849 2826 887 2882 et
923 2810 1150 2907 gratitudine
1189 2837 1256 2883 sua
1283 2838 1353 2908 pro

235 2917 376 2990 meritis
404 2918 650 3014 respondere;
681 2915 887 2989 blandienti
915 2917 1090 3001 arrident,
1113 2918 1261 3015 roganti
1291 2945 1353 2991 an·
1384 2946 1427 2994 20

236 3042 362 3107 nuunt,
395 3025 575 3097 obediunt
613 3024 820 3119 imperanti.
879 3024 1029 3096 Placeat
1057 3050 1260 3121 paucorum
1299 3052 1353 3098 re·

234 3132 333 3204 latio.
391 3131 581 3228 Tempore
610 3129 833 3203 infirmitatis
852 3129 1043 3204 oculorum
1069 3148 1200 3204 coacto
1220 3148 1261 3204 ut
1280 3158 1353 3205 me-

234 3239 313 3310 deri
343 3239 411 3310 sibi
449 3255 648 3335 pateretur,
689 3253 844 3310 vocatur
871 3237 919 3309 ad
957 3236 1077 3310 locum
1108 3238 1350 3336 chirurgicus

235 3344 402 3418 Veniens
421 3345 534 3443 igitur
553 3346 712 3417 ferreum
733 3344 1019 3417 instrumentum
1047 3346 1095 3417 ad
1116 3364 1286 3419 cocturas
1305 3347 1354 3417 la-

235 3451 386 3525 ciendas
406 3452 534 3535 desert,
557 3451 735 3548 iubetque
755 3451 833 3548 igni
854 3450 1029 3535 submitti,
1052 3453 1172 3525 donec
1192 3451 1354 3550 igniatur
1384 3475 1422 3542 25

234 3577 272 3632 et
301 3560 437 3657 ipsum;
454 3584 513 3641 ac
540 3559 673 3632 beatus
700 3575 816 3655 pater,
840 3583 975 3655 corpus
1003 3558 1075 3631 iam
1095 3561 1248 3632 horrore
1270 3586 1354 3633 con·

235 3693 382 3739 cussum
414 3666 637 3750 confortans,
656 3665 707 3737 sic
735 3663 934 3761 alloquitur
964 3668 1107 3763 ignem:
1131 3667 1263 3739 Frater
1290 3668 1350 3744 mi.

234 3775 342 3872 ignis
375 3773 532 3846 caeteris
560 3774 672 3845 rebus
708 3772 919 3845 aemulandi
949 3772 1103 3857 decoris
1135 3774 1350 3855 virtuosum,

232 3880 428 3979 pulchrum
450 3895 487 3953 et
511 3880 639 3952 utilem
658 3897 696 3951 te
716 3879 856 3952 creavit
880 3877 1107 3952 Altissimus.
1152 3880 1246 3952 Esto
1265 3881 1352 3952 mihi

307 4089 327 4138 5.
342 4073 366 4123 A
381 4086 499 4123 vetustas
576 4086 614 4123 11.
629 4074 652 4123 A
666 4089 714 4122 om.
729 4082 809 4121 vocat
886 4082 926 4136 15.
945 4070 975 4121 ,ll
988 4071 1077 4139 ubsque
1092 4070 1213 4123 diuisione
1229 4064 1355 4141 coniungil

233 4155 333 4204 initium
354 4153 458 4223 capitoli
476 4154 610 4221 reptantis:
627 4151 783 4203 Nituutur-
794 4151 951 4220 imperanti,
968 4159 991 4201 et
1007 4151 1091 4202 ocidit:
1109 4151 1184 4204 Sicut
1201 4150 1310 4205 inferius
1326 4155 1354 4205 in

233 4231 372 4284 Miraculis
397 4232 587 4293 annotabitur;
614 4233 750 4301 omittitqne
779 4231 889 4301 capitulo
914 4229 1126 4285 CXXV-CXXX
1153 4248 1258 4301 quorum
1290 4233 1355 4285 tituli

233 4309 393 4362 destinantur
415 4330 443 4363 ex
466 4313 612 4364 Rubrii-is
633 4311 685 4363 t't'd.
704 4324 757 4383 sup.
774 4321 800 4382 p.
821 4312 878 4380 164.
920 4311 960 4381 Cf.
981 4311 1132 4365 Mirocul.
1153 4329 1192 4380 14,
1207 4330 1245 4383 23,
1260 4331 1296 4383 25,
1311 4315 1354 4378 28,

234 4389 278 4451 26,
300 4406 340 4457 27.
417 4390 455 4442 18.
475 4390 500 4441 A
522 4389 641 4443 Utuntur
