<?xml version="1.0" encoding="UTF-8"?>
<!DOCTYPE html PUBLIC "-//W3C//DTD XHTML 1.0 Transitional//EN"
    "http://www.w3.org/TR/xhtml1/DTD/xhtml1-transitional.dtd">
<html xmlns="http://www.w3.org/1999/xhtml" xml:lang="en" lang="en">
 <head>
  <title>
</title>
<meta http-equiv="Content-Type" content="text/html;charset=utf-8" />
  <meta name='ocr-system' content='tesseract 3.04.00' />
  <meta name='ocr-capabilities' content='ocr_page ocr_carea ocr_par ocr_line ocrx_word'/>
</head>
<body>
  <div class='ocr_page' id='page_1' title='image "./sfrancisciassis00dogoog_0273.png"; bbox 0 0 3142 4875; ppageno 0'>
   <div class='ocr_carea' id='block_1_1' title="bbox 605 356 1318 434">
    <p class='ocr_par' dir='ltr' id='par_1_1' title="bbox 605 356 1318 434">
     <span class='ocr_line' id='line_1_1' title="bbox 605 356 1318 434; baseline -0.003 -27"><span class='ocrx_word' id='word_1_1' title='bbox 605 359 707 409; x_wconf 74' lang='lat' dir='ltr'>nunu</span> <span class='ocrx_word' id='word_1_2' title='bbox 736 359 920 407; x_wconf 69' lang='lat' dir='ltr'>rnnucrsct</span> <span class='ocrx_word' id='word_1_3' title='bbox 1248 356 1318 434; x_wconf 88' lang='lat'>177</span> 
     </span>
    </p>
   </div>
   <div class='ocr_carea' id='block_1_2' title="bbox 350 468 734 477">
    <p class='ocr_par' dir='ltr' id='par_1_2' title="bbox 350 468 734 477">
     <span class='ocr_line' id='line_1_2' title="bbox 350 468 734 477; baseline 0.003 -3"><span class='ocrx_word' id='word_1_4' title='bbox 350 468 595 477; x_wconf 49' lang='lat' dir='ltr'>mmm»...</span> <span class='ocrx_word' id='word_1_5' title='bbox 646 469 734 475; x_wconf 56' lang='lat' dir='ltr'>m</span> 
     </span>
    </p>
   </div>
   <div class='ocr_carea' id='block_1_3' title="bbox 153 588 1320 1543">
    <p class='ocr_par' dir='ltr' id='par_1_3' title="bbox 153 588 1320 1543">
     <span class='ocr_line' id='line_1_3' title="bbox 202 588 1316 689; baseline -0.002 -25"><span class='ocrx_word' id='word_1_6' title='bbox 202 590 326 687; x_wconf 88' lang='lat' dir='ltr'>aliqua</span> <span class='ocrx_word' id='word_1_7' title='bbox 348 589 578 689; x_wconf 83' lang='lat' dir='ltr'><strong>negligentia</strong></span> <span class='ocrx_word' id='word_1_8' title='bbox 601 588 789 686; x_wconf 81' lang='lat' dir='ltr'>praeterit.</span> <span class='ocrx_word' id='word_1_9' title='bbox 847 588 1049 686; x_wconf 84' lang='lat' dir='ltr'>Extemplo</span> <span class='ocrx_word' id='word_1_10' title='bbox 1077 590 1142 662; x_wconf 92' lang='lat' dir='ltr'>dat</span> <span class='ocrx_word' id='word_1_11' title='bbox 1170 590 1316 664; x_wconf 90' lang='lat' dir='ltr'>cuidam</span> 
     </span>
     <span class='ocr_line' id='line_1_4' title="bbox 203 696 1316 795; baseline -0.002 -25"><span class='ocrx_word' id='word_1_12' title='bbox 203 698 388 770; x_wconf 89' lang='lat' dir='ltr'>sacerdoti</span> <span class='ocrx_word' id='word_1_13' title='bbox 417 698 625 795; x_wconf 88' lang='lat' dir='ltr'>pecuniam,</span> <span class='ocrx_word' id='word_1_14' title='bbox 658 713 696 768; x_wconf 88' lang='lat' dir='ltr'>ut</span> <span class='ocrx_word' id='word_1_15' title='bbox 729 696 941 792; x_wconf 84' lang='lat' dir='ltr'>lampadem</span> <span class='ocrx_word' id='word_1_16' title='bbox 973 713 1074 769; x_wconf 88' lang='lat' dir='ltr'>emat</span> <span class='ocrx_word' id='word_1_17' title='bbox 1108 714 1146 769; x_wconf 90' lang='lat' dir='ltr'>et</span> <span class='ocrx_word' id='word_1_18' title='bbox 1182 699 1316 780; x_wconf 89' lang='lat' dir='ltr'>oleum,</span> 
     </span>
     <span class='ocr_line' id='line_1_5' title="bbox 207 803 1319 902; baseline -0.001 -25"><span class='ocrx_word' id='word_1_19' title='bbox 207 808 288 901; x_wconf 90' lang='lat' dir='ltr'>[ne]</span> <span class='ocrx_word' id='word_1_20' title='bbox 319 829 424 877; x_wconf 91' lang='lat' dir='ltr'>sacra</span> <span class='ocrx_word' id='word_1_21' title='bbox 444 805 570 902; x_wconf 85' lang='lat' dir='ltr'>imago</span> <span class='ocrx_word' id='word_1_22' title='bbox 598 803 656 876; x_wconf 90' lang='lat' dir='ltr'>vel</span> <span class='ocrx_word' id='word_1_23' title='bbox 684 803 733 877; x_wconf 88' lang='lat' dir='ltr'>ad</span> <span class='ocrx_word' id='word_1_24' title='bbox 756 819 986 875; x_wconf 87' lang='lat' dir='ltr'>momentum</span> <span class='ocrx_word' id='word_1_25' title='bbox 1015 803 1143 876; x_wconf 90' lang='lat' dir='ltr'>debito</span> <span class='ocrx_word' id='word_1_26' title='bbox 1172 803 1319 876; x_wconf 91' lang='lat' dir='ltr'>luminis</span> 
     </span>
     <span class='ocr_line' id='line_1_6' title="bbox 204 909 1320 1007; baseline -0.001 -23"><span class='ocrx_word' id='word_1_27' title='bbox 204 913 347 984; x_wconf 90' lang='lat' dir='ltr'>honore</span> <span class='ocrx_word' id='word_1_28' title='bbox 387 912 588 984; x_wconf 78' lang='lat' dir='ltr'>fraudetur.</span> <span class='ocrx_word' id='word_1_29' title='bbox 646 909 811 1007; x_wconf 80' lang='lat' dir='ltr'>Impiger</span> <span class='ocrx_word' id='word_1_30' title='bbox 844 910 980 982; x_wconf 89' lang='lat' dir='ltr'>deinde</span> <span class='ocrx_word' id='word_1_31' title='bbox 1012 910 1060 982; x_wconf 89' lang='lat' dir='ltr'>ad</span> <span class='ocrx_word' id='word_1_32' title='bbox 1092 910 1320 1007; x_wconf 88' lang='lat' dir='ltr'>perficienda</span> 
     </span>
     <span class='ocr_line' id='line_1_7' title="bbox 153 1016 1320 1118; baseline -0.001 -28"><span class='ocrx_word' id='word_1_33' title='bbox 153 1053 172 1118; x_wconf 85' lang='lat'><em>5</em></span> <span class='ocrx_word' id='word_1_34' title='bbox 204 1018 347 1114; x_wconf 90' lang='lat' dir='ltr'>reliqua</span> <span class='ocrx_word' id='word_1_35' title='bbox 375 1019 496 1101; x_wconf 86' lang='lat' dir='ltr'>currit,</span> <span class='ocrx_word' id='word_1_36' title='bbox 528 1019 759 1113; x_wconf 82' lang='lat' dir='ltr'>reparandae</span> <span class='ocrx_word' id='word_1_37' title='bbox 789 1016 883 1088; x_wconf 90' lang='lat' dir='ltr'>illius</span> <span class='ocrx_word' id='word_1_38' title='bbox 916 1016 1098 1089; x_wconf 88' lang='lat' dir='ltr'>ecclesiae</span> <span class='ocrx_word' id='word_1_39' title='bbox 1125 1017 1320 1090; x_wconf 79' lang='lat' dir='ltr'>indefecti·</span> 
     </span>
     <span class='ocr_line' id='line_1_8' title="bbox 204 1123 1319 1220; baseline 0 -23"><span class='ocrx_word' id='word_1_40' title='bbox 204 1124 316 1197; x_wconf 90' lang='lat' dir='ltr'>bilem</span> <span class='ocrx_word' id='word_1_41' title='bbox 342 1149 494 1220; x_wconf 88' lang='lat' dir='ltr'>operam</span> <span class='ocrx_word' id='word_1_42' title='bbox 521 1125 716 1220; x_wconf 87' lang='lat' dir='ltr'>praebens.</span> <span class='ocrx_word' id='word_1_43' title='bbox 761 1124 859 1196; x_wconf 92' lang='lat' dir='ltr'>Nam</span> <span class='ocrx_word' id='word_1_44' title='bbox 888 1123 973 1196; x_wconf 91' lang='lat' dir='ltr'>licet</span> <span class='ocrx_word' id='word_1_45' title='bbox 992 1124 1039 1196; x_wconf 92' lang='lat' dir='ltr'>de</span> <span class='ocrx_word' id='word_1_46' title='bbox 1068 1125 1130 1197; x_wconf 89' lang='lat' dir='ltr'>illa</span> <span class='ocrx_word' id='word_1_47' title='bbox 1149 1124 1319 1197; x_wconf 87' lang='lat' dir='ltr'>Ecclesia</span> 
     </span>
     <span class='ocr_line' id='line_1_9' title="bbox 204 1220 1318 1328; baseline 0.001 -25"><span class='ocrx_word' id='word_1_48' title='bbox 204 1232 351 1304; x_wconf 90' lang='lat' dir='ltr'>divinus</span> <span class='ocrx_word' id='word_1_49' title='bbox 387 1232 421 1303; x_wconf 92' lang='lat' dir='ltr'>ei</span> <span class='ocrx_word' id='word_1_50' title='bbox 455 1232 573 1303; x_wconf 87' lang='lat' dir='ltr'>lactus</span> <span class='ocrx_word' id='word_1_51' title='bbox 601 1220 648 1302; x_wconf 87' lang='lat' dir='ltr'>sit</span> <span class='ocrx_word' id='word_1_52' title='bbox 676 1256 801 1303; x_wconf 91' lang='lat' dir='ltr'>sermo</span> <span class='ocrx_word' id='word_1_53' title='bbox 829 1255 940 1325; x_wconf 91' lang='lat' dir='ltr'>quam</span> <span class='ocrx_word' id='word_1_54' title='bbox 970 1229 1140 1303; x_wconf 87' lang='lat' dir='ltr'>Christus</span> <span class='ocrx_word' id='word_1_55' title='bbox 1167 1233 1318 1328; x_wconf 91' lang='lat' dir='ltr'>proprio</span> 
     </span>
     <span class='ocr_line' id='line_1_10' title="bbox 203 1336 1316 1436; baseline -0.002 -25"><span class='ocrx_word' id='word_1_56' title='bbox 203 1338 386 1436; x_wconf 86' lang='lat' dir='ltr'>sanguine</span> <span class='ocrx_word' id='word_1_57' title='bbox 428 1337 632 1433; x_wconf 87' lang='lat' dir='ltr'>acquisivit,</span> <span class='ocrx_word' id='word_1_58' title='bbox 674 1336 791 1410; x_wconf 93' lang='lat' dir='ltr'>noluit</span> <span class='ocrx_word' id='word_1_59' title='bbox 832 1354 988 1434; x_wconf 83' lang='lat' dir='ltr'>repente</span> <span class='ocrx_word' id='word_1_60' title='bbox 1022 1337 1099 1410; x_wconf 86' lang='lat' dir='ltr'>fieri</span> <span class='ocrx_word' id='word_1_61' title='bbox 1137 1364 1316 1421; x_wconf 89' lang='lat' dir='ltr'>summus,</span> 
     </span>
     <span class='ocr_line' id='line_1_11' title="bbox 201 1444 1132 1543; baseline -0.002 -24"><span class='ocrx_word' id='word_1_62' title='bbox 201 1447 379 1543; x_wconf 87' lang='lat' dir='ltr'>paulatim</span> <span class='ocrx_word' id='word_1_63' title='bbox 408 1446 456 1518; x_wconf 89' lang='lat' dir='ltr'>de</span> <span class='ocrx_word' id='word_1_64' title='bbox 485 1471 596 1518; x_wconf 91' lang='lat' dir='ltr'>carne</span> <span class='ocrx_word' id='word_1_65' title='bbox 624 1445 847 1517; x_wconf 88' lang='lat' dir='ltr'>transiturus</span> <span class='ocrx_word' id='word_1_66' title='bbox 874 1445 923 1516; x_wconf 89' lang='lat' dir='ltr'>ad</span> <span class='ocrx_word' id='word_1_67' title='bbox 951 1444 1132 1539; x_wconf 91' lang='lat' dir='ltr'>spiritum.</span> 
     </span>
    </p>
   </div>
   <div class='ocr_carea' id='block_1_4' title="bbox 130 1871 1312 1970">
    <p class='ocr_par' dir='ltr' id='par_1_4' title="bbox 130 1871 1312 1970">
     <span class='ocr_line' id='line_1_12' title="bbox 130 1871 1312 1970; baseline 0.006 -31"><span class='ocrx_word' id='word_1_68' title='bbox 130 1895 171 1940; x_wconf 80' lang='grc' dir='ltr'>ιο</span> <span class='ocrx_word' id='word_1_69' title='bbox 205 1871 278 1969; x_wconf 77' lang='lat' dir='ltr'>[Dc</span> <span class='ocrx_word' id='word_1_70' title='bbox 309 1872 559 1969; x_wconf 78' lang='lat' dir='ltr'>persecutione</span> <span class='ocrx_word' id='word_1_71' title='bbox 588 1873 716 1967; x_wconf 73' lang='lat' dir='ltr'>patris</span> <span class='ocrx_word' id='word_1_72' title='bbox 743 1883 777 1943; x_wconf 79' lang='lat' dir='ltr'>et</span> <span class='ocrx_word' id='word_1_73' title='bbox 801 1874 951 1967; x_wconf 71' lang='lat' dir='ltr'>fratris</span> <span class='ocrx_word' id='word_1_74' title='bbox 978 1873 1172 1970; x_wconf 62' lang='lat' dir='ltr'>cannulis]</span> <span class='ocrx_word' id='word_1_75' title='bbox 1233 1873 1312 1947; x_wconf 94' lang='lat' dir='ltr'>Vll.</span> 
     </span>
    </p>
   </div>
   <div class='ocr_carea' id='block_1_5' title="bbox 127 2084 1359 4211">
    <p class='ocr_par' dir='ltr' id='par_1_5' title="bbox 200 2084 1317 2502">
     <span class='ocr_line' id='line_1_13' title="bbox 287 2084 1317 2182; baseline 0.003 -26"><span class='ocrx_word' id='word_1_76' title='bbox 287 2109 342 2157; x_wconf 87' lang='lat'>12.</span> <span class='ocrx_word' id='word_1_77' title='bbox 373 2085 449 2156; x_wconf 86' lang='lat' dir='ltr'>Sed</span> <span class='ocrx_word' id='word_1_78' title='bbox 478 2085 550 2156; x_wconf 87' lang='lat' dir='ltr'>iam</span> <span class='ocrx_word' id='word_1_79' title='bbox 580 2084 755 2179; x_wconf 90' lang='lat' dir='ltr'>operibus</span> <span class='ocrx_word' id='word_1_80' title='bbox 784 2084 933 2181; x_wconf 91' lang='lat' dir='ltr'>pietatis</span> <span class='ocrx_word' id='word_1_81' title='bbox 960 2084 1190 2163; x_wconf 86' lang='lat' dir='ltr'>insistentem</span> <span class='ocrx_word' id='word_1_82' title='bbox 1211 2104 1317 2182; x_wconf 88' lang='lat' dir='ltr'>pater</span> 
     </span>
     <span class='ocr_line' id='line_1_14' title="bbox 201 2189 1314 2288; baseline 0.002 -25"><span class='ocrx_word' id='word_1_83' title='bbox 201 2192 357 2264; x_wconf 90' lang='lat' dir='ltr'>carnalis</span> <span class='ocrx_word' id='word_1_84' title='bbox 385 2189 631 2288; x_wconf 86' lang='lat' dir='ltr'>persequitur,</span> <span class='ocrx_word' id='word_1_85' title='bbox 662 2207 700 2263; x_wconf 90' lang='lat' dir='ltr'>et</span> <span class='ocrx_word' id='word_1_86' title='bbox 729 2191 945 2263; x_wconf 87' lang='lat' dir='ltr'>servitutem</span> <span class='ocrx_word' id='word_1_87' title='bbox 976 2190 1113 2264; x_wconf 85' lang='lat' dir='ltr'>Christi</span> <span class='ocrx_word' id='word_1_88' title='bbox 1135 2192 1314 2265; x_wconf 86' lang='lat' dir='ltr'>insaniam</span> 
     </span>
     <span class='ocr_line' id='line_1_15' title="bbox 200 2297 1316 2395; baseline 0.003 -25"><span class='ocrx_word' id='word_1_89' title='bbox 200 2298 366 2371; x_wconf 92' lang='lat' dir='ltr'>iudicans</span> <span class='ocrx_word' id='word_1_90' title='bbox 396 2298 534 2394; x_wconf 92' lang='lat' dir='ltr'>ubique</span> <span class='ocrx_word' id='word_1_91' title='bbox 554 2299 674 2395; x_wconf 90' lang='lat' dir='ltr'>ipsum</span> <span class='ocrx_word' id='word_1_92' title='bbox 695 2297 902 2370; x_wconf 90' lang='lat' dir='ltr'>maledictis</span> <span class='ocrx_word' id='word_1_93' title='bbox 922 2298 1084 2371; x_wconf 84' lang='lat' dir='ltr'>dilaniat.</span> <span class='ocrx_word' id='word_1_94' title='bbox 1142 2299 1316 2373; x_wconf 82' lang='lat' dir='ltr'>Advocat</span> 
     </span>
     <span class='ocr_line' id='line_1_16' title="bbox 200 2404 1316 2502; baseline 0.002 -24"><span class='ocrx_word' id='word_1_95' title='bbox 200 2405 325 2502; x_wconf 88' lang='lat' dir='ltr'>itaque</span> <span class='ocrx_word' id='word_1_96' title='bbox 354 2431 483 2479; x_wconf 86' lang='lat' dir='ltr'>servus</span> <span class='ocrx_word' id='word_1_97' title='bbox 504 2405 576 2478; x_wconf 91' lang='lat' dir='ltr'>Dei</span> <span class='ocrx_word' id='word_1_98' title='bbox 596 2405 797 2502; x_wconf 89' lang='lat' dir='ltr'>quemdam</span> <span class='ocrx_word' id='word_1_99' title='bbox 827 2405 945 2477; x_wconf 92' lang='lat' dir='ltr'>virum</span> <span class='ocrx_word' id='word_1_100' title='bbox 965 2404 1151 2501; x_wconf 87' lang='lat' dir='ltr'>plebeium</span> <span class='ocrx_word' id='word_1_101' title='bbox 1173 2423 1209 2479; x_wconf 89' lang='lat' dir='ltr'>et</span> <span class='ocrx_word' id='word_1_102' title='bbox 1228 2405 1316 2480; x_wconf 90' lang='lat' dir='ltr'>sim-</span> 
     </span>
    </p>

    <p class='ocr_par' dir='ltr' id='par_1_6' title="bbox 131 2512 1316 3038">
     <span class='ocr_line' id='line_1_17' title="bbox 131 2512 1316 2611; baseline 0.003 -27"><span class='ocrx_word' id='word_1_103' title='bbox 131 2540 167 2602; x_wconf 82' lang='lat'>15</span> <span class='ocrx_word' id='word_1_104' title='bbox 199 2513 333 2609; x_wconf 92' lang='lat' dir='ltr'>plicem</span> <span class='ocrx_word' id='word_1_105' title='bbox 363 2514 461 2596; x_wconf 90' lang='lat' dir='ltr'>satis,</span> <span class='ocrx_word' id='word_1_106' title='bbox 485 2538 596 2608; x_wconf 90' lang='lat' dir='ltr'>quem</span> <span class='ocrx_word' id='word_1_107' title='bbox 633 2514 717 2585; x_wconf 91' lang='lat' dir='ltr'>loco</span> <span class='ocrx_word' id='word_1_108' title='bbox 745 2512 861 2608; x_wconf 91' lang='lat' dir='ltr'>patris</span> <span class='ocrx_word' id='word_1_109' title='bbox 889 2513 1096 2609; x_wconf 88' lang='lat' dir='ltr'>suscipiens</span> <span class='ocrx_word' id='word_1_110' title='bbox 1124 2532 1244 2611; x_wconf 86' lang='lat' dir='ltr'>rogat,</span> <span class='ocrx_word' id='word_1_111' title='bbox 1276 2533 1316 2587; x_wconf 92' lang='lat' dir='ltr'>ut</span> 
     </span>
     <span class='ocr_line' id='line_1_18' title="bbox 200 2619 1316 2716; baseline 0.002 -24"><span class='ocrx_word' id='word_1_112' title='bbox 200 2645 283 2692; x_wconf 82' lang='lat' dir='ltr'>cunr</span> <span class='ocrx_word' id='word_1_113' title='bbox 312 2636 419 2716; x_wconf 90' lang='lat' dir='ltr'>pater</span> <span class='ocrx_word' id='word_1_114' title='bbox 446 2619 526 2691; x_wconf 89' lang='lat' dir='ltr'>eius</span> <span class='ocrx_word' id='word_1_115' title='bbox 567 2619 764 2692; x_wconf 87' lang='lat' dir='ltr'>maledicta</span> <span class='ocrx_word' id='word_1_116' title='bbox 806 2620 1056 2716; x_wconf 84' lang='lat' dir='ltr'>congeminat,</span> <span class='ocrx_word' id='word_1_117' title='bbox 1089 2621 1167 2716; x_wconf 88' lang='lat' dir='ltr'>ipse</span> <span class='ocrx_word' id='word_1_118' title='bbox 1197 2621 1265 2693; x_wconf 89' lang='lat' dir='ltr'>sibi</span> <span class='ocrx_word' id='word_1_119' title='bbox 1295 2649 1316 2694; x_wconf 89' lang='lat' dir='ltr'>e</span> 
     </span>
     <span class='ocr_line' id='line_1_19' title="bbox 200 2726 1313 2822; baseline 0.002 -24"><span class='ocrx_word' id='word_1_120' title='bbox 200 2726 385 2799; x_wconf 88' lang='lat' dir='ltr'>contrario</span> <span class='ocrx_word' id='word_1_121' title='bbox 427 2726 634 2799; x_wconf 90' lang='lat' dir='ltr'>benedicat.</span> <span class='ocrx_word' id='word_1_122' title='bbox 723 2727 985 2822; x_wconf 90' lang='lat' dir='ltr'>Propheticum</span> <span class='ocrx_word' id='word_1_123' title='bbox 1027 2752 1117 2800; x_wconf 86' lang='lat' dir='ltr'>sane</span> <span class='ocrx_word' id='word_1_124' title='bbox 1158 2729 1313 2801; x_wconf 81' lang='lat' dir='ltr'>verbum</span> 
     </span>
     <span class='ocr_line' id='line_1_20' title="bbox 198 2832 1315 2932; baseline 0.004 -28"><span class='ocrx_word' id='word_1_125' title='bbox 198 2832 308 2906; x_wconf 90' lang='lat' dir='ltr'>vertit</span> <span class='ocrx_word' id='word_1_126' title='bbox 351 2833 387 2905; x_wconf 92' lang='lat' dir='ltr'>in</span> <span class='ocrx_word' id='word_1_127' title='bbox 429 2859 533 2930; x_wconf 73' lang='lat' dir='ltr'>opus</span> <span class='ocrx_word' id='word_1_128' title='bbox 565 2850 604 2908; x_wconf 89' lang='lat' dir='ltr'>et</span> <span class='ocrx_word' id='word_1_129' title='bbox 632 2833 738 2905; x_wconf 85' lang='lat' dir='ltr'>lactis</span> <span class='ocrx_word' id='word_1_130' title='bbox 766 2834 930 2906; x_wconf 89' lang='lat' dir='ltr'>ostendit</span> <span class='ocrx_word' id='word_1_131' title='bbox 972 2835 1074 2930; x_wconf 92' lang='lat' dir='ltr'>quod</span> <span class='ocrx_word' id='word_1_132' title='bbox 1102 2833 1227 2932; x_wconf 87' lang='lat' dir='ltr'>signat</span> <span class='ocrx_word' id='word_1_133' title='bbox 1255 2836 1315 2908; x_wconf 89' lang='lat' dir='ltr'>ille</span> 
     </span>
     <span class='ocr_line' id='line_1_21' title="bbox 199 2938 1314 3038; baseline 0.004 -27"><span class='ocrx_word' id='word_1_134' title='bbox 199 2965 339 3013; x_wconf 86' lang='lat' dir='ltr'>sermo:</span> <span class='ocrx_word' id='word_1_135' title='bbox 358 2940 585 3012; x_wconf 86' lang='lat' dir='ltr'>Maledicent</span> <span class='ocrx_word' id='word_1_136' title='bbox 601 2938 649 3011; x_wconf 91' lang='lat' dir='ltr'>illi</span> <span class='ocrx_word' id='word_1_137' title='bbox 664 2956 703 3011; x_wconf 92' lang='lat' dir='ltr'>et</span> <span class='ocrx_word' id='word_1_138' title='bbox 718 2957 754 3013; x_wconf 90' lang='lat' dir='ltr'>tu</span> <span class='ocrx_word' id='word_1_139' title='bbox 766 2941 978 3013; x_wconf 87' lang='lat' dir='ltr'>benedices.</span> <span class='ocrx_word' id='word_1_140' title='bbox 1023 2941 1206 3038; x_wconf 85' lang='lat' dir='ltr'>Resignat</span> <span class='ocrx_word' id='word_1_141' title='bbox 1220 2943 1314 3038; x_wconf 87' lang='lat' dir='ltr'>patri</span> 
     </span>
    </p>

    <p class='ocr_par' dir='ltr' id='par_1_7' title="bbox 127 3046 1315 3569">
     <span class='ocr_line' id='line_1_22' title="bbox 127 3046 1313 3142; baseline 0.002 -23"><span class='ocrx_word' id='word_1_142' title='bbox 127 3073 170 3119; x_wconf 85' lang='lat'>20</span> <span class='ocrx_word' id='word_1_143' title='bbox 198 3047 394 3142; x_wconf 88' lang='lat' dir='ltr'>pecuniam</span> <span class='ocrx_word' id='word_1_144' title='bbox 424 3072 534 3142; x_wconf 92' lang='lat' dir='ltr'>quam</span> <span class='ocrx_word' id='word_1_145' title='bbox 565 3046 601 3118; x_wconf 92' lang='lat' dir='ltr'>in</span> <span class='ocrx_word' id='word_1_146' title='bbox 643 3071 757 3142; x_wconf 87' lang='lat' dir='ltr'>opere</span> <span class='ocrx_word' id='word_1_147' title='bbox 787 3048 908 3119; x_wconf 85' lang='lat' dir='ltr'>dictae</span> <span class='ocrx_word' id='word_1_148' title='bbox 950 3048 1130 3120; x_wconf 88' lang='lat' dir='ltr'>ecclesiae</span> <span class='ocrx_word' id='word_1_149' title='bbox 1158 3049 1214 3121; x_wconf 91' lang='lat' dir='ltr'>vir</span> <span class='ocrx_word' id='word_1_150' title='bbox 1241 3050 1313 3123; x_wconf 87' lang='lat' dir='ltr'>Dei</span> 
     </span>
     <span class='ocr_line' id='line_1_23' title="bbox 199 3152 1313 3251; baseline 0.004 -26"><span class='ocrx_word' id='word_1_151' title='bbox 199 3152 422 3250; x_wconf 84' lang='lat' dir='ltr'>expendisse</span> <span class='ocrx_word' id='word_1_152' title='bbox 455 3152 633 3236; x_wconf 91' lang='lat' dir='ltr'>voluerat,</span> <span class='ocrx_word' id='word_1_153' title='bbox 656 3154 837 3226; x_wconf 89' lang='lat' dir='ltr'>suadente</span> <span class='ocrx_word' id='word_1_154' title='bbox 871 3155 941 3225; x_wconf 89' lang='lat' dir='ltr'>hoc</span> <span class='ocrx_word' id='word_1_155' title='bbox 975 3153 1022 3225; x_wconf 95' lang='lat' dir='ltr'>illi</span> <span class='ocrx_word' id='word_1_156' title='bbox 1055 3154 1233 3251; x_wconf 92' lang='lat' dir='ltr'>episcopo</span> <span class='ocrx_word' id='word_1_157' title='bbox 1267 3156 1313 3229; x_wconf 88' lang='lat' dir='ltr'>ci-</span> 
     </span>
     <span class='ocr_line' id='line_1_24' title="bbox 198 3259 1315 3356; baseline 0.006 -27"><span class='ocrx_word' id='word_1_158' title='bbox 198 3260 331 3343; x_wconf 73' lang='lat' dir='ltr'>vitatis</span> <span class='ocrx_word' id='word_1_159' title='bbox 362 3260 442 3332; x_wconf 92' lang='lat' dir='ltr'>viro</span> <span class='ocrx_word' id='word_1_160' title='bbox 472 3260 600 3355; x_wconf 90' lang='lat' dir='ltr'>utique</span> <span class='ocrx_word' id='word_1_161' title='bbox 627 3259 736 3332; x_wconf 87' lang='lat' dir='ltr'>valde</span> <span class='ocrx_word' id='word_1_162' title='bbox 765 3260 838 3356; x_wconf 87' lang='lat' dir='ltr'>pio,</span> <span class='ocrx_word' id='word_1_163' title='bbox 870 3286 915 3332; x_wconf 95' lang='lat' dir='ltr'>eo</span> <span class='ocrx_word' id='word_1_164' title='bbox 944 3261 1044 3356; x_wconf 93' lang='lat' dir='ltr'>quod</span> <span class='ocrx_word' id='word_1_165' title='bbox 1084 3286 1157 3333; x_wconf 93' lang='lat' dir='ltr'>non</span> <span class='ocrx_word' id='word_1_166' title='bbox 1186 3263 1315 3336; x_wconf 91' lang='lat' dir='ltr'>liceret</span> 
     </span>
     <span class='ocr_line' id='line_1_25' title="bbox 198 3365 1311 3463; baseline 0.003 -24"><span class='ocrx_word' id='word_1_167' title='bbox 198 3367 245 3439; x_wconf 88' lang='lat' dir='ltr'>de</span> <span class='ocrx_word' id='word_1_168' title='bbox 274 3367 370 3440; x_wconf 88' lang='lat' dir='ltr'>male</span> <span class='ocrx_word' id='word_1_169' title='bbox 398 3366 588 3463; x_wconf 90' lang='lat' dir='ltr'>acquisitis</span> <span class='ocrx_word' id='word_1_170' title='bbox 616 3365 755 3462; x_wconf 90' lang='lat' dir='ltr'>aliquid</span> <span class='ocrx_word' id='word_1_171' title='bbox 774 3366 812 3438; x_wconf 92' lang='lat' dir='ltr'>in</span> <span class='ocrx_word' id='word_1_172' title='bbox 832 3392 957 3439; x_wconf 91' lang='lat' dir='ltr'>sacros</span> <span class='ocrx_word' id='word_1_173' title='bbox 978 3394 1067 3439; x_wconf 90' lang='lat' dir='ltr'>usus</span> <span class='ocrx_word' id='word_1_174' title='bbox 1085 3370 1311 3463; x_wconf 81' lang='lat' dir='ltr'>expendere.</span> 
     </span>
     <span class='ocr_line' id='line_1_26' title="bbox 197 3472 1310 3569; baseline 0.003 -24"><span class='ocrx_word' id='word_1_175' title='bbox 197 3472 450 3546; x_wconf 87' lang='lat' dir='ltr'>Audientibus</span> <span class='ocrx_word' id='word_1_176' title='bbox 477 3491 602 3546; x_wconf 91' lang='lat' dir='ltr'>autem</span> <span class='ocrx_word' id='word_1_177' title='bbox 631 3474 693 3569; x_wconf 94' lang='lat' dir='ltr'>qui</span> <span class='ocrx_word' id='word_1_178' title='bbox 715 3490 968 3545; x_wconf 89' lang='lat' dir='ltr'>convenerant</span> <span class='ocrx_word' id='word_1_179' title='bbox 988 3473 1121 3558; x_wconf 85' lang='lat' dir='ltr'>multis,</span> <span class='ocrx_word' id='word_1_180' title='bbox 1148 3476 1310 3560; x_wconf 82' lang='lat' dir='ltr'>Amodn,</span> 
     </span>
    </p>

    <p class='ocr_par' dir='ltr' id='par_1_8' title="bbox 127 3579 1314 4092">
     <span class='ocr_line' id='line_1_27' title="bbox 127 3579 1311 3677; baseline 0.002 -25"><span class='ocrx_word' id='word_1_181' title='bbox 127 3606 165 3671; x_wconf 79' lang='lat'>25</span> <span class='ocrx_word' id='word_1_182' title='bbox 198 3579 326 3676; x_wconf 90' lang='lat' dir='ltr'>inquit,</span> <span class='ocrx_word' id='word_1_183' title='bbox 349 3581 469 3654; x_wconf 91' lang='lat' dir='ltr'>dicam</span> <span class='ocrx_word' id='word_1_184' title='bbox 498 3580 634 3652; x_wconf 92' lang='lat' dir='ltr'>libere:</span> <span class='ocrx_word' id='word_1_185' title='bbox 665 3581 776 3652; x_wconf 88' lang='lat' dir='ltr'>Pater</span> <span class='ocrx_word' id='word_1_186' title='bbox 805 3595 933 3652; x_wconf 89' lang='lat' dir='ltr'>noster</span> <span class='ocrx_word' id='word_1_187' title='bbox 960 3581 1022 3677; x_wconf 92' lang='lat' dir='ltr'>qui</span> <span class='ocrx_word' id='word_1_188' title='bbox 1052 3607 1093 3653; x_wconf 90' lang='lat' dir='ltr'>es</span> <span class='ocrx_word' id='word_1_189' title='bbox 1122 3581 1158 3653; x_wconf 95' lang='lat' dir='ltr'>in</span> <span class='ocrx_word' id='word_1_190' title='bbox 1189 3582 1311 3664; x_wconf 73' lang='lat' dir='ltr'>caelis</span> 
     </span>
     <span class='ocr_line' id='line_1_28' title="bbox 199 3687 1309 3783; baseline 0.005 -26"><span class='ocrx_word' id='word_1_191' title='bbox 199 3711 272 3759; x_wconf 93' lang='lat' dir='ltr'>non</span> <span class='ocrx_word' id='word_1_192' title='bbox 301 3705 408 3783; x_wconf 87' lang='lat' dir='ltr'>pater</span> <span class='ocrx_word' id='word_1_193' title='bbox 431 3688 562 3760; x_wconf 92' lang='lat' dir='ltr'>Petrus</span> <span class='ocrx_word' id='word_1_194' title='bbox 582 3687 844 3772; x_wconf 74' lang='lat' dir='ltr'>Bernardonis</span> <span class='ocrx_word' id='word_1_195' title='bbox 866 3688 923 3758; x_wconf 92' lang='lat' dir='ltr'>cui</span> <span class='ocrx_word' id='word_1_196' title='bbox 947 3713 1021 3759; x_wconf 94' lang='lat' dir='ltr'>non</span> <span class='ocrx_word' id='word_1_197' title='bbox 1041 3690 1160 3760; x_wconf 88' lang='lat' dir='ltr'>solum</span> <span class='ocrx_word' id='word_1_198' title='bbox 1181 3690 1309 3774; x_wconf 75' lang='lat' dir='ltr'>reddo</span> 
     </span>
     <span class='ocr_line' id='line_1_29' title="bbox 196 3793 1309 3892; baseline 0.002 -26"><span class='ocrx_word' id='word_1_199' title='bbox 196 3819 295 3876; x_wconf 82' lang='lat' dir='ltr'>ecce,</span> <span class='ocrx_word' id='word_1_200' title='bbox 326 3794 535 3890; x_wconf 87' lang='lat' dir='ltr'>pecuniam,</span> <span class='ocrx_word' id='word_1_201' title='bbox 578 3795 645 3865; x_wconf 89' lang='lat' dir='ltr'>sed</span> <span class='ocrx_word' id='word_1_202' title='bbox 687 3793 834 3891; x_wconf 88' lang='lat' dir='ltr'>integre</span> <span class='ocrx_word' id='word_1_203' title='bbox 876 3795 1098 3867; x_wconf 90' lang='lat' dir='ltr'>vestimenta</span> <span class='ocrx_word' id='word_1_204' title='bbox 1147 3797 1309 3892; x_wconf 83' lang='lat' dir='ltr'>resigno</span> 
     </span>
     <span class='ocr_line' id='line_1_30' title="bbox 195 3899 1313 3998; baseline 0.001 -25"><span class='ocrx_word' id='word_1_205' title='bbox 195 3902 329 3973; x_wconf 89' lang='lat' dir='ltr'>Nudus</span> <span class='ocrx_word' id='word_1_206' title='bbox 345 3899 458 3998; x_wconf 89' lang='lat' dir='ltr'>igitur</span> <span class='ocrx_word' id='word_1_207' title='bbox 474 3901 521 3973; x_wconf 92' lang='lat' dir='ltr'>ad</span> <span class='ocrx_word' id='word_1_208' title='bbox 537 3900 742 3972; x_wconf 92' lang='lat' dir='ltr'>Dominum</span> <span class='ocrx_word' id='word_1_209' title='bbox 757 3926 926 3997; x_wconf 88' lang='lat' dir='ltr'>pergam.</span> <span class='ocrx_word' id='word_1_210' title='bbox 982 3902 1017 3974; x_wconf 95' lang='lat' dir='ltr'>O</span> <span class='ocrx_word' id='word_1_211' title='bbox 1034 3900 1223 3974; x_wconf 90' lang='lat' dir='ltr'>liberalem</span> <span class='ocrx_word' id='word_1_212' title='bbox 1238 3903 1313 3974; x_wconf 88' lang='lat' dir='ltr'>ani·</span> 
     </span>
     <span class='ocr_line' id='line_1_31' title="bbox 196 4006 1314 4092; baseline 0 -11"><span class='ocrx_word' id='word_1_213' title='bbox 196 4034 297 4081; x_wconf 90' lang='lat' dir='ltr'>mum</span> <span class='ocrx_word' id='word_1_214' title='bbox 317 4008 396 4092; x_wconf 87' lang='lat' dir='ltr'>viri,</span> <span class='ocrx_word' id='word_1_215' title='bbox 418 4006 475 4080; x_wconf 92' lang='lat' dir='ltr'>cui</span> <span class='ocrx_word' id='word_1_216' title='bbox 496 4006 615 4079; x_wconf 90' lang='lat' dir='ltr'>solum</span> <span class='ocrx_word' id='word_1_217' title='bbox 636 4008 708 4080; x_wconf 90' lang='lat' dir='ltr'>iam</span> <span class='ocrx_word' id='word_1_218' title='bbox 728 4008 864 4079; x_wconf 85' lang='lat' dir='ltr'>sufficit</span> <span class='ocrx_word' id='word_1_219' title='bbox 892 4008 1079 4081; x_wconf 83' lang='lat' dir='ltr'>Christus!</span> <span class='ocrx_word' id='word_1_220' title='bbox 1138 4009 1314 4081; x_wconf 88' lang='lat' dir='ltr'>Inventus</span> 
     </span>
    </p>

    <p class='ocr_par' dir='ltr' id='par_1_9' title="bbox 127 4113 1359 4211">
     <span class='ocr_line' id='line_1_32' title="bbox 127 4113 1359 4211; baseline 0.005 -29"><span class='ocrx_word' id='word_1_221' title='bbox 127 4141 165 4204; x_wconf 81' lang='lat'>30</span> <span class='ocrx_word' id='word_1_222' title='bbox 195 4131 251 4187; x_wconf 89' lang='lat' dir='ltr'>est</span> <span class='ocrx_word' id='word_1_223' title='bbox 272 4115 327 4187; x_wconf 92' lang='lat' dir='ltr'>vir</span> <span class='ocrx_word' id='word_1_224' title='bbox 355 4114 427 4187; x_wconf 90' lang='lat' dir='ltr'>Dei</span> <span class='ocrx_word' id='word_1_225' title='bbox 456 4113 613 4186; x_wconf 88' lang='lat' dir='ltr'>cilicium</span> <span class='ocrx_word' id='word_1_226' title='bbox 634 4130 722 4187; x_wconf 89' lang='lat' dir='ltr'>tunc</span> <span class='ocrx_word' id='word_1_227' title='bbox 742 4131 893 4211; x_wconf 89' lang='lat' dir='ltr'>portare</span> <span class='ocrx_word' id='word_1_228' title='bbox 912 4118 980 4187; x_wconf 89' lang='lat' dir='ltr'>sub</span> <span class='ocrx_word' id='word_1_229' title='bbox 1000 4116 1177 4198; x_wconf 85' lang='lat' dir='ltr'>vestibus,</span> <span class='ocrx_word' id='word_1_230' title='bbox 1200 4116 1311 4188; x_wconf 83' lang='lat' dir='ltr'>uirtu-</span> <span class='ocrx_word' id='word_1_231' title='bbox 1354 4154 1359 4162; x_wconf 92' lang='lat'><strong>·</strong></span> 
     </span>
    </p>
   </div>
   <div class='ocr_carea' id='block_1_6' title="bbox 193 4323 1312 4476">
    <p class='ocr_par' dir='ltr' id='par_1_10' title="bbox 193 4323 1312 4476">
     <span class='ocr_line' id='line_1_33' title="bbox 267 4323 1312 4393; baseline 0.002 -17"><span class='ocrx_word' id='word_1_232' title='bbox 267 4340 287 4393; x_wconf 81' lang='lat'>3.</span> <span class='ocrx_word' id='word_1_233' title='bbox 303 4323 390 4392; x_wconf 81' lang='lat' dir='ltr'>ne]A</span> <span class='ocrx_word' id='word_1_234' title='bbox 404 4338 432 4376; x_wconf 91' lang='lat' dir='ltr'>ut</span> <span class='ocrx_word' id='word_1_235' title='bbox 490 4324 615 4390; x_wconf 53' lang='lat' dir='ltr'>piloni.</span> <span class='ocrx_word' id='word_1_236' title='bbox 630 4325 713 4377; x_wconf 86' lang='lat' dir='ltr'>currit</span> <span class='ocrx_word' id='word_1_237' title='bbox 768 4329 792 4378; x_wconf 83' lang='lat'>8.</span> <span class='ocrx_word' id='word_1_238' title='bbox 811 4324 937 4377; x_wconf 58' lang='lat' dir='ltr'>diuoluit</span> <span class='ocrx_word' id='word_1_239' title='bbox 997 4325 1153 4390; x_wconf 58' lang='lat' dir='ltr'>rnllideo</span> <span class='ocrx_word' id='word_1_240' title='bbox 1231 4329 1312 4379; x_wconf 58' lang='lat' dir='ltr'>18.ss</span> 
     </span>
     <span class='ocr_line' id='line_1_34' title="bbox 193 4404 1311 4476; baseline 0.001 -18"><span class='ocrx_word' id='word_1_241' title='bbox 193 4405 254 4476; x_wconf 84' lang='lat' dir='ltr'>quid</span> <span class='ocrx_word' id='word_1_242' title='bbox 314 4419 354 4474; x_wconf 86' lang='lat'>19.</span> <span class='ocrx_word' id='word_1_243' title='bbox 372 4405 400 4456; x_wconf 74' lang='lat' dir='ltr'>,ll</span> <span class='ocrx_word' id='word_1_244' title='bbox 415 4421 542 4458; x_wconf 83' lang='lat' dir='ltr'>sermone</span> <span class='ocrx_word' id='word_1_245' title='bbox 600 4419 639 4472; x_wconf 85' lang='lat'>27.</span> <span class='ocrx_word' id='word_1_246' title='bbox 657 4404 916 4473; x_wconf 73' lang='lat' dir='ltr'>ecre]Rectlcsine</span> <span class='ocrx_word' id='word_1_247' title='bbox 960 4406 992 4459; x_wconf 80' lang='grc' dir='ltr'><em>Μ</em></span> <span class='ocrx_word' id='word_1_248' title='bbox 1004 4406 1106 4476; x_wconf 82' lang='lat' dir='ltr'>integra</span> <span class='ocrx_word' id='word_1_249' title='bbox 1163 4421 1203 4476; x_wconf 80' lang='lat'>29.</span> <span class='ocrx_word' id='word_1_250' title='bbox 1219 4408 1248 4459; x_wconf 81' lang='lat' dir='ltr'>ll</span> <span class='ocrx_word' id='word_1_251' title='bbox 1260 4408 1311 4459; x_wconf 85' lang='lat' dir='ltr'>soli</span> 
     </span>
    </p>
   </div>
   <div class='ocr_carea' id='block_1_7' title="bbox 270 4615 300 4656">
    <p class='ocr_par' dir='ltr' id='par_1_11' title="bbox 270 4615 300 4656">
     <span class='ocr_line' id='line_1_35' title="bbox 270 4615 300 4656; baseline -0.133 0"><span class='ocrx_word' id='word_1_252' title='bbox 270 4615 300 4656; x_wconf 77' lang='lat'>12</span> 
     </span>
    </p>
   </div>
   <div class='ocr_carea' id='block_1_8' title="bbox 0 0 1576 4875">
    <p class='ocr_par' dir='ltr' id='par_1_12' title="bbox 0 0 1576 4875">
     <span class='ocr_line' id='line_1_36' title="bbox 0 0 1576 4875; baseline 0 2"><span class='ocrx_word' id='word_1_253' title='bbox 0 0 1576 4875; x_wconf 95' lang='lat' dir='ltr'> </span> 
     </span>
    </p>
   </div>
  </div>
 </body>
</html>
