3142 4875
259 321 329 405 164
630 339 801 388 reorum
829 340 994 389 securos

251 570 432 650 Quomodo
449 573 534 660 ipsae
550 591 708 638 creaturae
725 570 784 636 sibi
797 571 915 636 amoris
931 569 1147 656 rependebant
1160 571 1264 637 vicem
1279 589 1310 636 et
1326 569 1365 636 de

316 679 391 766 igne
410 679 463 767 qui
484 701 560 744 eum
579 701 645 744 non
665 678 763 743 laesit.
784 698 818 744 11.
839 675 934 767 (Cup.
958 676 1075 743 CXXV
1091 690 1117 743 rt
1135 676 1279 743 Miracui.
1300 677 1364 766 14).

250 788 299 854 De
318 787 441 853 avicula
456 809 537 875 quae
557 787 590 852 iu
610 785 756 853 manibus
777 787 845 852 eius
864 786 989 853 resedit.
1007 805 1052 851 111.
1070 783 1165 875 (Cap.
1186 784 1321 850 CXXVI
1339 799 1366 852 et

313 895 458 960 Miracui.
474 892 538 984 23).

248 1003 298 1068 De
314 1000 449 1068 falcone.
467 1022 525 1068 1111.
543 1000 638 1091 (Cap.
658 999 809 1067 CXXVII
823 1014 849 1066 et
866 999 1010 1065 Mirarrd.
1025 999 1089 1088 25).
1394 1031 1411 1093 5

248 1110 297 1174 De
314 1107 434 1195 apibus.
452 1130 482 1174 v.
501 1108 595 1198 (Cap.
614 1106 784 1173 CXXVIII
795 1121 821 1174 et
837 1107 980 1173 Miranti.
998 1106 1066 1195 28).

249 1217 298 1281 De
314 1215 465 1281 fasciano.
482 1236 524 1279 rr.
543 1214 638 1304 (Cap.
658 1214 792 1281 CXXIX
805 1228 831 1280 et
848 1213 992 1279 Miranti.
1009 1215 1078 1301 26).

249 1324 297 1388 De
314 1321 432 1388 cicada.
449 1321 546 1411 (Cup.
565 1321 681 1388 CXXX
695 1336 720 1387 et
737 1322 882 1389 Mirucul.
898 1319 969 1409 27).

697 1483 744 1548 De
760 1482 913 1549 charitate.

245 1613 311 1680 Sub
335 1613 399 1680 hoc
422 1614 514 1679 titulo
538 1616 720 1681 continetur
742 1615 876 1703 qualiter
899 1637 933 1680 se
965 1614 1068 1699 ipsum
1100 1636 1157 1701 pro
1181 1616 1360 1681 animarum
1396 1637 1433 1683 10

310 1722 411 1788 salute
450 1720 653 1808 perfectionis
695 1720 833 1809 ponebat
868 1720 1062 1807 exemplum.
1102 1742 1111 1786 1
1151 1722 1359 1809 paragrapho

311 1828 407 1917 (Cup.
427 1828 590 1918 CXXXI).

245 1938 294 2002 De
309 1937 523 2004 sollicitudine
540 1935 749 2004 subditorum.
769 1958 800 2003 11.
819 1936 914 2026 (Cup.
935 1934 1114 2024 CXXXII).

244 2046 293 2109 De
309 2045 533 2130 compassione
550 2041 762 2111 infirmorum.
780 2064 825 2111 111.
845 2042 940 2133 (Cap.
961 2041 1158 2131 CXXXIII).

245 2151 293 2215 De
313 2151 537 2237 compassione
556 2174 650 2238 quam
672 2149 805 2216 infirmis
824 2150 932 2236 spiritu
954 2148 1094 2236 gerebat,
1115 2168 1146 2215 et
1165 2147 1204 2214 de
1225 2149 1285 2214 hiis
1305 2150 1359 2236 qui
1393 2172 1402 2213 1
1411 2172 1428 2235 ς

308 2277 418 2323 contra
438 2257 500 2324 hoc
520 2256 650 2325 faciunt.
671 2277 730 2324 1111.
750 2257 847 2345 (Cup.
870 2255 1066 2345 CXXXIV).

246 2366 293 2429 De
316 2361 463 2431 fratribus
489 2364 661 2453 Hispaniae
680 2364 812 2453 qualiter
835 2383 942 2430 sancte
964 2362 1244 2446 conversabantur,
1268 2364 1359 2431 etde

307 2471 496 2560 quibusdam
524 2474 613 2539 miris
637 2496 718 2560 quae
742 2471 781 2538 de
810 2470 901 2538 fratre
925 2491 1036 2538 orante
1062 2473 1127 2539 visa
1151 2492 1235 2552 sunt,
1265 2492 1296 2538 et
1320 2473 1359 2539 de

307 2580 425 2668 gaudio
450 2598 482 2646 et
504 2581 648 2647 oratione
671 2580 781 2646 sancti.
806 2599 836 2644 ν.
862 2576 958 2668 (Cup.
985 2578 1161 2668 CXXXV).

242 2688 362 2754 Contra
386 2687 468 2753 male
485 2688 515 2753 in
534 2687 722 2752 eremitoriis
739 2686 899 2766 viventes3
924 2704 956 2751 et
971 2684 1058 2772 quod
1079 2683 1207 2751 volebat
1229 2703 1357 2752 sanctus
1387 2706 1430 2752 20

307 2798 415 2862 omnia
430 2819 499 2862 esse
516 2795 712 2861 communia.
728 2815 772 2863 vl.
789 2793 884 2882 (Cap.
905 2791 1102 2882 CXXXVI)

241 2907 290 2970 De
305 2903 431 2969 duobus
448 2900 593 2969 frutribus
610 2901 740 2989 gallicis.
758 2900 855 2990 (Cup.
875 2897 1088 2988 CXXXVII).

676 3062 923 3146 Deidetractione.

239 3197 304 3263 Sub
328 3196 391 3262 hoc
415 3196 508 3262 titulo
529 3195 710 3262 coutinetur
728 3195 822 3263 huius
842 3195 909 3261 vitii
929 3192 1095 3260 detestatio
1114 3211 1146 3259 et
1169 3213 1274 3280 poena
1293 3215 1356 3280 qua

304 3303 431 3370 volebat
455 3325 512 3369 eos
535 3320 663 3369 sanctus
685 3302 801 3390 puniri,
825 3321 858 3367 et
881 3302 920 3368 de
943 3299 1104 3366 affectibus
1129 3298 1352 3367 detractorum.
1384 3316 1425 3382 25

304 3410 400 3498 (cap.
428 3408 657 3498 crxrrnr).

551 3569 715 3656 Descriptio
735 3567 882 3654 generalis
905 3569 1043 3632 ministri.

236 3702 301 3770 Sub
326 3702 387 3769 hoc
415 3702 508 3770 titulo
532 3701 717 3769 describitur
738 3701 838 3789 qualis
863 3699 956 3767 debet
980 3721 1049 3765 esse
1074 3697 1229 3787 generalis
1259 3700 1353 3765 mini-

301 3808 364 3878 ster
387 3829 419 3878 et
441 3810 510 3903 [de]
533 3812 628 3878 sociis
652 3811 731 3876 eius.
757 3831 775 3875 1.
801 3806 898 3900 (Cap.
925 3805 1122 3897 CXXXIX).

237 3922 285 3985 De
308 3918 555 4009 provincialibus
579 3917 741 3983 ministris.
766 3935 800 3981 11.
827 3914 922 4004 (Cap.
949 3913 1059 4005 CXL).
1382 3942 1399 4006 3

235 4026 324 4110 Quid
347 4046 475 4094 sauctus
498 4027 711 4113 interrogatus
734 4047 751 4089 a
774 4022 916 4112 quodam
938 4023 978 4090 de
1002 4020 1152 4089 ministris
1176 4017 1350 4108 respondit.

300 4132 396 4224 (cap.
419 4132 553 4224 cxii).

304 4342 328 4380 2.
347 4328 377 4381 Iu
396 4327 449 4381 rod.
472 4328 503 4381 M
519 4329 668 4381 omittuntur
682 4336 736 4398 rap.
754 4324 964 4380 CXXV-CXXX
977 4343 1039 4397 quar
1058 4327 1085 4379 in
1102 4325 1179 4379 Libro
1202 4325 1351 4378 Miratu-

234 4408 333 4459 Iorum
349 4414 485 4475 ponuntur.
559 4421 600 4477 29.
620 4407 645 4460 A
665 4425 712 4461 om.
733 4406 767 4460 de
