3142 4875
588 360 694 409 BEATI
721 359 906 410 FRANCISCI
1230 361 1303 431 223

183 594 345 669 orationi
364 619 493 668 sacrae
512 593 702 666 incumbit.
761 591 927 665 Rediens
946 593 994 665 ab
1013 593 1181 667 oratione
1205 594 1307 667 iubet

184 704 336 775 fratrem
367 701 490 774 levare
518 702 679 783 bursam,
701 725 810 796 quae,
833 699 914 795 ipso
942 715 1133 785 exorante,
1157 726 1225 796 pro
1244 726 1307 797 pe·

184 809 296 882 cunia
315 807 507 881 colubrum
529 807 755 879 continebat.
813 805 958 879 Tremit
977 807 1090 880 lrater
1111 824 1150 880 et
1168 823 1304 904 stupet,

185 932 223 988 et
260 914 388 988 nescio
425 915 514 1011 quid
550 915 623 986 iam
652 914 919 1010 praesentiens,
951 913 1023 986 alia
1052 939 1163 1010 quam
1196 914 1306 987 solito

139 1052 152 1117 5
185 1022 311 1095 animo
340 1020 465 1094 volvit.
523 1020 675 1092 Timore
705 1023 857 1092 tandem
890 1020 1126 1093 obedientiae
1155 1036 1307 1094 sanctae

185 1129 416 1201 dubietatem
454 1129 613 1225 abigens
641 1126 773 1210 cordis,
805 1128 954 1200 bursam
990 1128 1162 1200 manibus
1195 1128 1304 1223 capit.

185 1236 235 1307 Et
253 1261 343 1308 ecce
363 1260 518 1332 serpens
539 1259 614 1306 non
642 1234 811 1306 modicus
840 1236 886 1307 de
905 1234 1018 1307 bursa
1037 1235 1212 1307 exsiliens
1232 1233 1306 1308 dia·

184 1342 345 1415 bolicam
375 1341 636 1438 deceptionem
665 1339 764 1413 fratri
796 1341 1024 1413 monstravit.
1082 1342 1131 1414 Et
1154 1341 1206 1414 ait
1224 1366 1306 1414 san-

186 1465 267 1522 ctus
286 1449 336 1521 ad
355 1474 458 1521 eum:
486 1447 647 1521 Pecunia
667 1447 783 1520 servis
802 1448 887 1530 Dei,
909 1472 932 1519 o
953 1448 1074 1532 srater,
1099 1447 1187 1521 nihil
1206 1447 1306 1521 aliud

120 1583 158 1630 ro
186 1572 244 1628 est
263 1581 376 1652 quam
397 1554 567 1628 diabolus
586 1570 624 1627 et
644 1555 796 1626 coluber
814 1579 1036 1627 venenosus

616 1768 880 1776 ------

239 1973 305 2045 De
334 1988 594 2069 paupertate
622 1971 1013 2044 vestimentorum.
1072 1972 1252 2044 XXXIX.

240 2191 301 2277 69.
334 2186 489 2258 Indutus
517 2186 630 2256 homo
659 2185 727 2257 iste
755 2183 891 2257 virtute
921 2210 968 2257 ex
991 2185 1068 2257 alto
1097 2183 1180 2281 plus
1208 2186 1306 2258 intus

186 2293 275 2391 igne
311 2294 522 2366 calescebat
557 2292 693 2372 divino,
728 2316 840 2387 quam
870 2291 958 2364 loris
987 2315 1168 2388 corporeo
1196 2309 1307 2390 tegu-

186 2416 323 2473 mento.
409 2400 685 2472 Exsecrabatur
721 2399 877 2471 vestitos
916 2396 1130 2495 triplicibus,
1170 2415 1208 2472 et
1243 2399 1305 2496 qui

123 2536 159 2601 15
187 2523 334 2604 praeter
370 2507 630 2579 necessitatem
660 2505 831 2578 mollibus
861 2507 1058 2578 utebantur
1087 2506 1123 2579 in
1161 2507 1303 2580 ordine.

187 2613 459 2687 Necessitatem
497 2637 596 2695 vero,
638 2638 750 2709 quam
790 2637 863 2685 non
905 2614 999 2687 ratio
1032 2613 1099 2686 sed
1133 2613 1307 2711 voluptas

187 2736 359 2803 ostentat,
377 2721 527 2817 siguum
547 2719 718 2792 exstincti
739 2720 889 2816 spiritus
908 2721 1109 2792 asserebat.
1154 2721 1303 2817 Spiritu,

187 2827 314 2924 inquit,
336 2827 465 2924 tepido
484 2843 522 2899 et
541 2827 771 2924 pedetentim
800 2851 823 2898 a
842 2826 963 2923 gratia
983 2827 1218 2924 frigescente,
1246 2854 1307 2901 ne·

188 2960 292 3008 cesse
320 2951 378 3007 est
397 2959 547 3006 carnem
568 2949 605 3005 et
633 2931 856 3030 sanguinem
877 2958 974 3029 quae
1002 2959 1069 3008 sua
1089 2953 1175 3006 sunt
1196 2961 1306 3031 quae-

123 3062 161 3108 20
188 3068 279 3114 rere.
339 3040 440 3134 Quid
468 3040 578 3122 enim,
602 3041 662 3123 ait,
687 3055 811 3122 restat,
837 3039 961 3113 anima
990 3065 1063 3112 nou
1094 3042 1307 3116 inveniente

188 3148 343 3227 delitias,
365 3146 434 3219 nisi
464 3163 503 3219 ut
531 3172 618 3219 caro
647 3162 885 3219 convertatur
913 3148 961 3219 ad
990 3147 1100 3221 suas?
1142 3149 1192 3221 Et
1219 3167 1307 3222 tunc

187 3254 355 3327 animalis
373 3253 562 3351 appetitus
583 3253 815 3345 necessitatis
843 3253 1037 3326 articulum
1060 3256 1195 3350 palliat,
1218 3275 1308 3329 tunc

188 3387 318 3434 sensus
347 3361 467 3433 carnis
500 3359 764 3432 conscientiam
802 3362 946 3432 format.
1016 3361 1304 3458 Subdebatque:

186 3467 298 3540 Adsit
326 3466 427 3540 fratri
457 3483 584 3540 nostro
608 3492 697 3539 vera
720 3468 933 3551 necessitas
956 3468 1109 3564 quaevis
1137 3495 1221 3541 eum
1252 3471 1308 3540 in-

122 3595 159 3662 25
188 3574 356 3671 digentia
389 3589 538 3671 tangat:
569 3575 598 3645 si
634 3573 849 3646 satisfacere
888 3591 1063 3672 properat
1098 3601 1256 3670 eamque
1285 3601 1307 3648 a

188 3706 227 3753 se
255 3680 370 3778 longe
399 3682 589 3776 repellere,
620 3680 709 3776 quid
740 3681 922 3752 mercedis
950 3682 1125 3778 accipiet?
1176 3682 1308 3753 Incidit

188 3788 372 3883 quaedam
392 3786 540 3861 occasio
561 3787 690 3868 meriti,
714 3788 780 3858 sed
801 3788 1032 3883 displicuisse
1053 3788 1120 3860 sibi
1141 3789 1307 3861 studiose

188 3895 368 3991 probavit.
441 3893 523 3966 lliis
559 3910 596 3965 et
632 3894 812 3965 similibus
843 3895 993 3991 ignotos
1025 3895 1307 3968 necessitatibus

189 4001 411 4099 configebat,
436 4027 519 4072 cum
549 4001 649 4097 ipsas
677 4001 862 4097 patienter
891 4027 964 4073 non
985 4002 1079 4073 lerre
1101 4001 1188 4073 nihil
1208 4001 1308 4075 aliud

125 4129 163 4193 30
189 4107 235 4179 sit
262 4134 374 4205 quam
403 4107 624 4205 Aegyptum
654 4125 835 4203 repetere.
901 4109 1075 4204 Denique
1105 4109 1202 4180 nulla
1231 4109 1308 4181 vult

258 4334 479 4407 6tAambigens
557 4352 595 4403 17.
610 4334 642 4385 M
653 4336 770 4387 ostendit
844 4349 885 4399 24.
901 4336 932 4386 ll
943 4336 1021 4388 Absit
1037 4335 1067 4390 [τ.
1084 4353 1146 4388 mco
1221 4352 1261 4405 27,
1277 4337 1310 4388 Μ

189 4417 297 4487 quidem
315 4425 337 4471 et
356 4435 405 4471 om.
425 4418 475 4470 sibi
