3142 4875
612 357 892 409 PROLEGOMENA
1219 358 1319 409 LXXV

186 601 218 649 et
240 582 363 648 Amoni
394 580 671 669 praetermissum.
686 578 721 632 (¹)
769 578 849 646 Ohl
874 602 949 646 cum
973 598 1093 668 quanta
1116 603 1191 648 cura
1214 580 1318 649 codici

185 686 358 756 Assisiensi
382 684 507 755 studuit
535 684 705 767 Rosedale,
737 687 792 774 qui
815 707 857 753 ne
885 685 1018 774 quidem
1042 688 1254 754 correctiones
1279 687 1318 758 ab

187 794 257 881 ipso
283 792 407 863 Riualdi
433 791 590 860 indicatas
613 793 750 882 peregit!

256 901 351 968 Circa
368 899 553 967 editionem
567 899 686 988 primae
698 900 794 987 partis
808 899 879 967 cod.
894 900 1002 981 Mass„
1013 922 1110 987 quam
1128 900 1317 968 Tractatum

188 1007 367 1075 secundum
392 1006 481 1088 dicit,
508 1028 610 1095 pauca
633 1024 745 1074 notare
768 1007 857 1089 volo,
889 1009 962 1096 quia
992 1003 1118 1090 fatetur,
1142 1025 1174 1074 et
1204 1030 1317 1075 vemm

188 1135 246 1196 est,
270 1137 305 1181 se
332 1113 419 1180 hunc
453 1112 602 1181 codicem
625 1136 693 1181 nou
716 1114 902 1203 inspexisse.
949 1113 1119 1204 (Attamen
1142 1113 1233 1181 illum
1257 1138 1316 1204 pu-

189 1220 261 1288 blici
284 1222 359 1289 iuris
382 1219 488 1289 facere
508 1243 576 1288 non
601 1218 785 1311 dubitavit).
828 1219 892 1288 Sed
911 1221 1002 1288 illurn
1027 1220 1172 1289 codicem
1192 1222 1216 1288 si
1241 1244 1335 1312 prae

187 1326 336 1394 manibus
360 1326 535 1408 habuisset,
560 1326 659 1395 editio
691 1329 864 1394 correctior
900 1350 967 1394 non
988 1326 1108 1409 fuisset,
1144 1349 1221 1395 nam
1255 1329 1316 1415 ipsi

186 1434 348 1500 transmisi
372 1432 649 1522 plrotographiam
685 1435 829 1522 quinque
863 1434 1055 1522 paginarum
1092 1433 1168 1501 dicti
1203 1456 1317 1502 manu·

186 1539 306 1627 scripti,
331 1561 428 1628 porro
453 1541 488 1608 in
512 1540 639 1607 illarum
662 1542 803 1628 quinque
820 1542 1009 1630 paginarum
1029 1537 1168 1607 editione
1188 1541 1316 1627 triginta

186 1667 309 1714 errores
332 1648 455 1715 notavi.
505 1644 600 1715 Adde
622 1646 711 1736 quod
734 1646 913 1735 Prologum
937 1648 1076 1714 totaliter
1099 1647 1218 1724 omisit,
1241 1646 1315 1715 licet

187 1752 333 1822 habuerit
356 1775 388 1822 et
411 1754 610 1842 Catalogum
622 1753 834 1822 bibliothecae
853 1755 1100 1843 Boncompagni
1114 1777 1211 1843 quem
1229 1755 1314 1834 citat,

188 1880 220 1929 et
243 1862 399 1930 Analecta
424 1861 636 1930 Bollandiana
655 1863 688 1929 in
712 1860 827 1951 quibus
851 1861 1010 1950 Prologus
1037 1862 1119 1928 clare
1146 1862 1314 1929 indicatur.

254 1969 371 2038 Adhuc
395 1992 498 2038 unum
525 1968 665 2036 verbum
700 1988 732 2035 et
753 1967 942 2057 Anglicano
970 1969 1093 2036 Pastori
1128 1967 1314 2035 valedicam.

188 2075 275 2144 Utile
299 2077 390 2144 duxit
415 2093 529 2143 contra
554 2077 758 2143 auctoritates
784 2077 949 2144 Romanae
973 2075 1133 2142 Ecclesiae
1159 2075 1315 2158 invehire‚

188 2184 261 2272 quia
286 2182 413 2251 codices
440 2184 605 2272 antiquos,
629 2184 672 2249 ait
696 2181 757 2262 ille,
782 2204 849 2248 non
873 2182 982 2249 sinunt
1005 2182 1170 2270 inspicere,
1188 2199 1219 2248 et
1247 2209 1263 2245 e
1275 2181 1316 2252 de

188 2289 354 2357 tremenda
377 2288 657 2378 responsabilitate
672 2310 770 2377 quam
791 2290 832 2356 ita
857 2290 990 2354 assumit
1008 2288 1213 2355 Vaticanus»
1232 2291 1315 2358 serio

187 2396 345 2487 loquitur!
393 2397 446 2465 Ad
470 2395 560 2486 quid,
591 2395 708 2478 dicam,
733 2392 861 2463 codices
893 2393 1042 2464 exhibere
1070 2396 1098 2462 ei
1124 2396 1178 2485 qui
1208 2396 1315 2488 legere

187 2506 314 2573 nescit?

252 2613 293 2679 V,
329 2650 370 2661 -
408 2610 593 2678 Editionem
630 2611 801 2677 Tractatus
835 2609 1064 2677 miraculorum
1099 2610 1130 2677 in
1163 2612 1315 2678 Analectis

187 2719 397 2787 bollandianis
409 2716 540 2785 laudare
552 2716 655 2784 debeo
669 2735 700 2785 et
712 2716 932 2784 doctissimam
946 2715 1201 2783 dissertationem
1214 2739 1312 2805 quam

186 2828 347 2916 praemisit
379 2826 416 2891 P.
450 2826 535 2892 Van
570 2823 750 2911 Ortroy.
808 2823 976 2892 Nonnulla
1007 2843 1132 2891 stamen
1156 2825 1313 2893 variantes
1365 2890 1368 2895 ⁴

186 2934 344 3003 adducere
370 2933 590 3000 necessarium
616 2931 696 3013 mihi
728 2930 834 2997 visum
863 2948 919 3011 est,
947 2948 1020 3019 post
1053 2931 1189 3019 longum
1223 2932 1312 2998 enim

184 3041 325 3109 studium
351 3041 385 3107 in
411 3038 532 3106 codicis
558 3038 770 3106 arrationibus
795 3059 826 3104 et
850 3037 936 3125 siglis
961 3038 1157 3106 diversitates
1190 3040 1313 3120 notavi,

182 3171 263 3238 quae
287 3149 388 3217 etiam
414 3147 681 3235 expertissimum
704 3143 815 3235 fugere
838 3163 983 3233 possunt.

641 3453 795 3523 curus
820 3431 889 3520 vs

484 3609 728 3678 Oruscuua
764 3607 1022 3673 L1ruun1cll.

544 3814 682 3869 Leonum
700 3829 739 3867 au
760 3827 837 3865 usuu
857 3827 954 3865 enom.

246 3980 367 4049 Nullus
392 3977 494 4045 codex
519 3975 614 4042 huius
638 3971 810 4062 Legendae
835 3971 873 4039 ad
905 3969 1136 4058 compendium
1165 3967 1310 4036 redactae

186 4108 310 4156 textum
345 4086 527 4176 genuinum
559 4083 683 4169 integre
718 4078 856 4167 praebet.
914 4078 1028 4144 Fidem
1059 4077 1148 4144 enim
1182 4076 1310 4165 plenam

185 4214 343 4284 praestare
363 4215 432 4261 non
449 4191 523 4258 licet
544 4187 862 4278 pseudo-chronicis
878 4187 911 4253 S.
925 4185 1055 4252 loannis
1075 4207 1092 4248 a
1108 4185 1310 4272 Capistrano,

255 4365 298 4434 (1)
319 4362 444 4419 Omittit:
467 4374 519 4415 eet
537 4372 695 4414 sauctorum
714 4357 852 4412 consortio
865 4356 987 4426 precibus
1000 4356 1052 4408 tuis
1071 4354 1159 4422 ipsum
1180 4366 1309 4424 perpetuo

186 4456 301 4525 iungens
313 4476 338 4507 υ.
