3142 4875
489 331 529 391 4
545 331 581 391 4
605 327 637 371 2
1198 327 1562 374 OPUSCULA
1624 325 2008 374 LITURGICA

485 563 697 639 mavi,
758 586 945 633 voce
1002 584 1167 632 mea
1224 561 1320 632 ad
1378 556 1805 632 Dominum
1867 560 2317 657 deprecatus
2390 585 2575 645 sum,
2650 576 2728 633 et

485 671 585 739 sit:
629 669 991 763 psalmum
1032 666 1455 763 complevit.
1554 667 1858 763 Legunt
1899 667 2162 739 fratres
2197 664 2721 765 Evangelium,

483 795 553 847 et
617 774 892 847 nudum
950 800 1030 846 se
1089 774 1262 845 facit
1302 773 1477 870 poni
1520 773 1592 845 in
1635 772 1893 857 cilicio,
1947 789 2024 846 et
2064 773 2492 846 valedicens
2530 773 2721 856 filiis,

481 883 727 955 anima
783 879 905 954 illa
959 880 1426 953 sanctissima
1485 905 1710 952 carne
1768 879 2011 953 soluta
2066 897 2182 952 est
2219 896 2295 952 et
2334 880 2407 952 in
2447 882 2725 975 abysso

481 1011 831 1061 aeternae
901 986 1252 1059 claritatis
1325 988 1717 1082 absorpta;
1799 1003 2139 1060 sanctum
2216 1011 2489 1084 corpus
2561 986 2726 1060 eius

485 1093 934 1167 ohdormivit
990 1094 1061 1166 in
1120 1093 1477 1165 Domino,

657 1227 677 1271 1
701 1226 766 1295 3.
813 1199 1290 1296 Conspicitur
1318 1200 1566 1273 anima
1605 1199 1765 1272 eius
1796 1224 1840 1272 a
1869 1201 2196 1296 quodam
2237 1200 2481 1283 fratre,
2524 1201 2727 1273 velut

485 1311 693 1379 stella
733 1307 1155 1389 clarissima,
1204 1308 1567 1380 nubecula
1611 1307 1928 1379 candida
1967 1307 2279 1379 subvehi
2337 1322 2413 1379 et
2451 1306 2524 1379 in
2564 1332 2725 1380 cae-

485 1419 629 1487 lum
693 1414 1216 1487 conscendere.
1363 1414 1822 1486 Catervatim
1883 1429 2333 1486 concurrunt
2392 1414 2724 1510 undique

485 1523 733 1619 firmali
765 1519 1081 1594 civitatis
1109 1520 1377 1592 Assisii
1408 1521 1830 1617 gaudentes
1861 1537 1936 1592 et
1965 1545 2229 1593 omnes
2259 1521 2353 1592 de
2385 1520 2719 1617 regione.

489 1631 629 1699 Lm:
645 1628 1097 1700 rimabantur
1136 1626 1257 1698 filii
1302 1652 1439 1723 pro
1477 1625 1985 1699 subtractione
2025 1644 2177 1700 tam
2217 1626 2558 1700 amabilis
2596 1653 2726 1724 pa·

485 1739 629 1807 tris..
677 1750 752 1807 et
824 1734 1149 1807 maxima
1226 1735 1705 1830 replebantur
1763 1733 2059 1816 laetitia,
2114 1759 2281 1806 cum
2340 1735 2726 1807 deoscula-

485 1847 749 1915 bantur
787 1840 860 1913 in
901 1865 992 1913 eo
1030 1840 1415 1937 signacula
1455 1840 1723 1911 summi
1765 1839 2023 1937 Regis.
2139 1839 2598 1936 Reportatur
2626 1843 2725 1913 ad

485 1951 854 2020 civitatem
913 1971 1184 2043 corpus
1241 1964 1579 2020 sanctum
1622 1973 1789 2019 cum
1864 1946 2163 2041 hymnis
2220 1963 2295 2019 et
2351 1946 2720 2031 laudibuS,

485 2077 553 2127 ct
597 2079 848 2127 sstcrae
888 2053 1154 2150 virgini
1198 2052 1465 2126 Clarae
1503 2070 1580 2126 et
1619 2053 1771 2125 suis
1810 2055 2190 2126 sororibus
2230 2055 2723 2127 osculandum

489 2167 549 2231 ἰῃ
617 2167 889 2234 &Sancto
946 2160 1321 2232 Damiano
1379 2160 1707 2238 offertur.
1819 2161 1943 2232 Ad
2004 2160 2378 2233 civitatem
2446 2160 2723 2234 relatus

489 2271 549 2339 in
613 2267 927 2341 ccclesia
965 2266 1218 2340 Sancti
1278 2266 1613 2365 Georgii,
1666 2268 1787 2339 ubi
1829 2267 1988 2363 ipse
2028 2266 2382 2363 puerulus
2439 2266 2725 2340 litteras

485 2379 860 2457 didicerat,
899 2373 970 2446 in
1010 2398 1183 2446 arca
1224 2398 1449 2447 saxea
1490 2392 1919 2459 reverenter
1956 2373 2405 2456 reconditur,
2454 2400 2724 2471 quous-

485 2512 625 2576 que
689 2482 1000 2554 ecclesia
1041 2482 1347 2553 mirifica
1405 2481 1475 2553 in
1535 2483 1696 2554 eius
1736 2483 2019 2554 honore
2077 2499 2153 2554 et
2213 2483 2511 2554 nomine
2553 2508 2721 2555 con-

485 2603 906 2670 strueretur,
973 2588 1043 2659 in
1104 2613 1249 2685 qua
1310 2604 1573 2683 postea
1630 2588 2065 2661 translatum
2124 2605 2240 2662 est
2297 2614 2567 2685 corpus
2613 2614 2723 2661 sa-

485 2724 685 2768 crum
742 2719 788 2766 a
846 2694 1195 2767 fratribus
1251 2694 1549 2790 capituli
1610 2695 2009 2792 generalis·

657 2824 763 2890 14.
827 2801 943 2873 Eo
1001 2801 1228 2898 igitur
1294 2801 1417 2874 die
1483 2828 1633 2896 quo
1700 2801 2033 2899 sepultus
2100 2802 2254 2887 fuit,
2333 2802 2722 2899 signorum

486 2908 783 2980 fulmina
814 2909 1126 3004 spargit.
1241 2910 1434 2981 Nam
1467 2909 1790 3004 puellam
1831 2910 2257 3004 quamdam,
2304 2934 2605 2981 curvam
2645 2926 2723 2980 et

485 3020 697 3088 wide
772 3031 1210 3099 contortam,
1274 3015 1370 3087 ad
1444 3016 1987 3087 condecentem
2066 3032 2340 3089 statum
2399 3013 2717 3088 reduxit.

489 3123 781 3194 Deinde
812 3121 1108 3218 ubique,
1138 3122 1272 3194 sed
1311 3121 1714 3219 praecipue
1751 3123 1847 3195 ad
1888 3147 2098 3194 suam
2135 3123 2570 3195 memoriam
2600 3148 2721 3194 ve-

489 3229 877 3311 *riientibus
917 3245 991 3301 et
1039 3228 1394 3327 gravibus
1436 3228 1983 3301 infirmitatibus
2042 3229 2353 3312 afflictiS,
2401 3228 2721 3327 gratiam

489 3335 819 3408 sanitatis
859 3336 1240 3431 impendit.
1361 3336 1808 3408 Contractos
1850 3337 2121 3408 multos
2158 3337 2254 3410 ad
2287 3352 2559 3409 statum
2600 3336 2724 3407 de·

635 3664 709 3696 5¹2.
754 3645 799 3698 C
833 3662 929 3697 om.
970 3644 1130 3714 igitur
1276 3660 1358 3712 23.
1404 3646 1442 3697 R
1484 3645 1721 3714 puellam
1763 3661 1981 3714 parvam
2016 3645 2236 3714 quamd.
2270 3661 2415 3698 curV.
2564 3659 2630 3710 24
2685 3643 2729 3697 C

629 3724 779 3776 ·-;1lde
925 3737 1008 3790 25.
1052 3723 1098 3777 C
1128 3732 1238 3794 post
1277 3725 1470 3793 ubique
1510 3724 1623 3779 add.
1665 3726 1946 3777 invocatus
1987 3725 2260 3778 Dominus
2293 3742 2386 3795 per
2412 3727 2589 3796 ipsum
2631 3742 2727 3778 sua

489 3808 621 3856 cius...
669 3804 887 3874 largitur
986 3805 1328 3872 memoriam]
1375 3805 1421 3857 C
1453 3804 1737 3857 ecclesiam
1857 3805 2299 3873 27—18(p.444).
2342 3805 2726 3859 Contractos-

493 3904 601 3940 ,ηπ-ε’
629 3883 746 3953 ετξ-τ]
791 3883 837 3936 C
869 3883 1194 3937 Contractos
1225 3883 1427 3936 multos
1461 3883 1733 3946 reformat,
1766 3885 1944 3937 caecis
1977 3886 2160 3937 multis
2200 3884 2426 3938 restituit
2450 3886 2647 3947 visum,
2676 3898 2729 3938 et

489 3996 493 4008 ·
529 3972 589 4015 =“!,·-
689 3967 777 4036 qui
799 3981 1101 4035 numquam
1130 3964 1396 4028 viderunt,
1419 3963 1703 4018 illuminat.
1763 3965 1949 4018 Surdis
1972 3965 2200 4018 reddidit
2229 3965 2469 4019 auditum
2491 3979 2543 4020 et
2569 3967 2730 4019 mutis

621 4048 774 4096 ·.-i;m1.
873 4045 1135 4115 Leprosos
1182 4045 1318 4097 duos
1364 4045 1663 4108 mundavit,
1713 4045 2040 4116 hydropicos
2090 4058 2143 4098 et
2184 4046 2510 4117 paralyticos
2550 4046 2728 4116 plures

489 4148 633 4172 -.==..=-
661 4128 693 4176 it
734 4134 788 4176 et
825 4124 1073 4177 obsessos
1115 4141 1143 4176 a
1190 4125 1544 4177 daemonibus
1586 4125 1841 4179 liberavit.
1935 4126 1990 4176 In
2041 4126 2256 4178 civitate
2304 4126 2527 4197 Capuae
2564 4124 2729 4178 suffo-

601 4224 665 4256 ,τη
709 4204 758 4256 in
811 4202 1031 4256 flumine
1082 4222 1305 4273 puerum
1351 4205 1710 4266 resuscitavit,
1759 4217 1811 4257 et
1855 4206 2023 4258 alium
2091 4223 2317 4276 puerum
2366 4207 2655 4259 contritum
2698 4223 2730 4258 a

491 4288 633 4332 πεζῆς.
677 4284 872 4336 domus
912 4285 963 4335 in
1005 4284 1220 4336 civitate
1248 4284 1444 4337 Suessa
1474 4285 1685 4337 reduxit
1716 4302 1908 4337 sanum
1943 4285 2007 4338 ad
2037 4286 2220 4338 vitam.
2298 4285 2356 4337 In
2387 4284 2572 4338 Sicilia
2598 4301 2729 4338 vero

506 4368 645 4412 ·f>.-.·÷:
697 4364 942 4414 iuvenem
980 4379 1010 4415 a
1051 4377 1222 4416 morte
1271 4363 1536 4416 consimili
1584 4363 1936 4427 resuscitavit,
1976 4376 2030 4417 et
2074 4364 2129 4416 in
2177 4363 2500 4417 Alemannia
2559 4362 2729 4416 alium

513 4468 517 4476 υ
617 4456 762 4492 mum
783 4442 1129 4495 resuscitavit.
1210 4443 1365 4495 Alios
1395 4461 1525 4496 vero
1553 4458 1755 4515 septem
1785 4447 1837 4496 in
1862 4444 2052 4497 ultimo
2075 4445 2392 4498 constitutos
2420 4461 2448 4497 a
2471 4457 2646 4497 morte
2668 4445 2730 4496 li-

2795 1556 2880 1601 10

2798 2090 2871 2154 15

2785 2623 2874 2670 20

2787 3156 2865 3221 25
