3142 4875
598 366 701 414 BEATI
731 366 914 413 FRnn'ctsffl
1243 362 1312 437 173

201 474 707 482 mamm...
711 475 722 481 0
729 475 738 481 0
742 475 778 481 .—
1052 476 1314 484 ———

194 617 301 683 trem,
324 616 361 672 et
389 599 578 695 patiuntur
606 600 736 672 subiici
765 616 806 671 ut
834 598 984 672 valeant
1013 601 1179 673 saturari.
1230 602 1316 675 Non

194 705 336 803 respuit
368 706 535 780 oblatum
568 707 684 780 decus
718 732 764 779 ne
796 722 943 778 notetur
980 732 1124 789 avarus,
1156 726 1194 782 et
1223 708 1318 782 inter

195 812 459 911 meditationes
486 839 612 887 sacras
645 813 860 886 curialitatis
893 829 950 886 est
986 840 1139 887 memor.
1208 816 1317 888 Sum·

194 936 370 1018 ptuosum
390 936 588 1017 praeparat
607 921 815 1017 prandium,
831 920 969 993 cibaria
989 921 1118 1016 sapida
1139 922 1312 1019 duplicat,

147 1058 164 1122 5
195 1027 330 1124 quibus
349 1026 479 1123 repleti
495 1029 542 1099 ad
557 1026 738 1099 vomitum
754 1028 898 1123 plateas
919 1027 1078 1100 civitatis
1097 1029 1210 1101 ebriis
1230 1054 1314 1103 can-

193 1133 316 1207 tilenis
338 1134 621 1207 commaculant.
679 1134 856 1230 Sequitur
872 1135 1103 1219 Franciscus,
1128 1154 1168 1207 ut
1196 1136 1311 1209 domi-

195 1265 265 1313 nus
284 1241 453 1313 manibus
474 1240 645 1314 baculum
674 1256 846 1340 gestans;
878 1240 945 1313 sed
974 1241 1151 1337 paulatim
1181 1244 1229 1315 ab
1259 1243 1315 1315 eis

194 1373 236 1421 se
264 1372 421 1443 corpore
454 1348 647 1432 subtrahit,
679 1346 740 1444 qui
771 1364 896 1421 mente
925 1348 998 1421 iam
1027 1363 1105 1421 tota
1135 1366 1236 1421 totus
1265 1351 1313 1422 ad

194 1453 255 1527 iila
270 1456 473 1537 sorduerat,
493 1454 604 1527 corde
620 1455 786 1527 Domino
802 1480 950 1527 canens.
1007 1454 1140 1539 Tanta,
1160 1475 1199 1528 ut
1214 1456 1312 1529 idem

124 1583 166 1630 10
194 1559 328 1643 retulit,
349 1577 437 1634 tunc
467 1560 534 1633 fuit
553 1560 749 1635 dulcedine
776 1560 902 1634 divina
930 1563 1111 1658 perfusus,
1144 1580 1184 1635 ut
1212 1564 1313 1636 eftari

195 1692 269 1740 non
289 1667 417 1740 valens
436 1669 585 1764 penitus
600 1668 647 1741 de
664 1667 744 1741 loco
764 1667 903 1741 moveri
920 1694 994 1741 non
1010 1687 1148 1765 posset.
1190 1670 1314 1764 Quae·

193 1777 281 1848 dam
309 1799 395 1847 eum
424 1774 587 1870 pervasit
614 1791 701 1847 tunc
730 1775 876 1847 affectio
896 1775 1095 1871 spiritualis
1115 1775 1236 1872 ipsum
1265 1779 1313 1850 ad

194 1880 390 1954 invisibilia
408 1899 570 1978 raptans
594 1881 698 1954 euius
717 1881 852 1954 virtute
868 1899 1015 1955 terrena
1034 1885 1160 1955 omnia
1180 1882 1314 1956 nullius

194 2014 278 2062 esse
294 1987 473 2061 momenti
495 1989 562 2060 sed
581 1987 730 2084 penitus
745 1987 874 2060 frivola
889 1987 1073 2060 iudicavit.
1119 1990 1313 2085 Stupenda

125 2121 163 2185 15
194 2121 325 2168 revera
341 2095 478 2168 Christi
494 2094 672 2192 dignatio,
687 2121 783 2191 quae
798 2095 998 2190 agentibus
1010 2094 1134 2168 infima
1151 2096 1313 2168 maxima

194 2204 320 2286 donat,
341 2218 379 2274 et
399 2202 434 2274 in
455 2200 593 2274 diluvio
612 2228 794 2297 aquarum
814 2201 1012 2274 multarum
1028 2228 1125 2298 quae
1140 2228 1206 2275 sua
1226 2221 1312 2274 sunt

194 2325 319 2382 servat
337 2325 375 2381 et
393 2325 601 2405 promovet.
658 2310 764 2382 Pavit
782 2307 881 2380 enim
903 2307 1072 2381 Christus
1095 2310 1254 2406 panibus
1273 2328 1311 2382 et

194 2414 357 2514 piscibus
375 2417 512 2500 turbas
533 2442 600 2489 nec
620 2414 755 2514 repulit
773 2442 796 2489 a
815 2441 884 2489 suo
903 2414 1060 2512 prandio
1079 2433 1307 2514 peccatores.

195 2523 397 2619 Quaesitus
426 2525 473 2597 ab
502 2524 556 2596 eis
585 2525 620 2595 in
650 2549 792 2621 regem,
814 2525 893 2595 iniit
922 2525 1049 2620 sugam
1078 2540 1116 2597 et
1145 2541 1309 2598 montem

120 2653 164 2700 20
193 2647 365 2703 oraturus
392 2631 570 2704 aseendit.
629 2631 810 2726 Mysteria
838 2647 924 2703 sunt
943 2631 1016 2703 Dei
1037 2656 1133 2727 quae
1162 2631 1312 2704 Franci-

84 2783 88 2788 ·
193 2740 313 2833 sc[us]
348 2736 568 2834 assequitur,
600 2754 637 2809 et
665 2738 712 2810 ad
741 2738 947 2834 perfectam
975 2737 1168 2811 scientiam
1197 2739 1310 2811 etiam

192 2843 371 2942 ignorans
399 2843 605 2917 adducitur.

195 3251 393 3351 [Qualiter
400 3255 583 3349 pauperis
602 3254 827 3325 vestimentis
847 3255 1002 3326 uadatus
1022 3264 1106 3325 ante
1124 3253 1306 3326 ecclesiam

275 3369 410 3442 Sancti
433 3371 545 3442 Petri
577 3396 659 3442 cum
679 3371 910 3465 pauperibus
932 3372 1182 3452 manducavit,
1203 3380 1238 3441 at
1264 3372 1307 3443 de

120 3506 163 3571 25
273 3486 451 3558 ablatione
477 3511 589 3581 quam
619 3485 752 3557 ibziiem
779 3486 943 3584 obtulit]
1003 3486 1065 3557 lv.

275 3699 308 3769 8.
340 3696 415 3769 Sed
432 3697 503 3770 iam
523 3722 729 3793 pauperum
750 3713 894 3770 amator
912 3696 1058 3772 exsistit
1073 3699 1307 3795 praecipuus,

194 3806 265 3879 iam
300 3803 336 3876 id
364 3804 465 3900 quod
498 3805 663 3901 perfecte
699 3805 842 3877 futurus
874 3821 954 3877 erat
986 3830 1092 3877 sacra
1119 3805 1312 3900 spirabant

192 3910 305 3986 initia.
363 3911 596 4007 Frequenter
623 3910 779 4008 proinde
799 3936 942 3984 exuens
961 3912 1201 4008 semetipsum
1222 3937 1308 4008 pau·

192 4043 302 4115 peres
321 4016 450 4102 induit,
472 4018 606 4114 quibus
634 4043 675 4091 se
704 4017 861 4090 similem
890 4018 967 4091 fieri
998 4020 1162 4092 nondum
1186 4019 1311 4116 operis

120 4155 162 4223 30
192 4124 433 4198 exsecutione
448 4124 515 4197 sed
530 4140 609 4197 toto
629 4124 701 4198 iam
717 4125 831 4197 corde
846 4124 1048 4197 contendit.
1109 4127 1205 4199 Cum
1220 4144 1311 4199 tem·

267 4347 289 4401 5.
309 4333 342 4386 Μ
352 4349 401 4385 om.
421 4333 453 4385 ad
473 4333 605 4386 vomitum
626 4341 649 4387 ct
668 4334 782 4386 civitatis
876 4348 915 4396 13.
936 4334 966 4386 M
983 4344 1090 4387 tentans
1109 4342 1131 4387 et
1149 4351 1198 4387 om.
1218 4334 1310 4388 omnia

195 4428 288 4481 14·22.
305 4414 335 4467 Μ
353 4430 401 4466 ont.
422 4412 744 4484 stupenda-adducitur.
819 4427 913 4466 20-21.
934 4413 958 4465 Α
980 4413 1123 4466 francisco
