3142 4875
504 359 541 406 2
566 357 653 425 14
1253 357 1596 406 LEGENDA
1653 354 1984 403 SECUNDA

1299 467 1566 474 .—.-.——--—
2594 460 2730 468 ————·-

504 590 672 663 nihil
736 591 930 664 aliud
1004 591 1280 663 habuit.
1415 588 1800 662 Indicabat
1853 588 2012 660 eius
2078 587 2373 659 babitus
2447 610 2732 683 pauper

504 703 616 771 ulli
684 724 853 772 suas
910 697 1201 770 divitias
1258 711 1739 795 aggregaret.
1855 695 2053 766 Hinc
2094 693 2348 777 laetuS,
2412 692 2582 764 hinc
2622 718 2729 764 se-

500 835 736 887 curim,
783 806 952 877 hinc
991 804 1388 900 expeditus
1448 805 1579 897 [ad
1634 805 1965 897 cursum]
2027 801 2410 899 gaudebat
2456 799 2728 896 peritu-

504 943 616 983 rns
660 936 881 1003 gazas
919 912 1269 1008 centuplo
1309 925 1832 983 commutasse.

744 1302 875 1372 De
950 1314 1510 1396 paupertate
1584 1298 2093 1370 domorum.
2210 1296 2491 1369 XXVI.

676 1511 784 1591 ᾗῇ.
845 1504 1192 1575 Docebat
1245 1528 1420 1575 suos
1475 1501 1897 1574 habitacula
1952 1499 2404 1597 paupercula
2461 1502 2724 1581 facere,

508 1615 789 1703 lig-mas
847 1635 994 1682 non
1052 1608 1406 1706 lapideas,
1469 1634 1750 1705 easque
1802 1607 1925 1680 vili
1981 1608 2363 1680 schemate
2422 1607 2730 1679 casellas

508 1719 815 1811 &Tigu-re.
886 1794 889 1799 ,
957 1717 1200 1812 Saepe
1270 1742 1449 1788 vero
1506 1717 1600 1788 de
1659 1730 2098 1812 paupertate
2155 1739 2578 1786 sermonem
2637 1715 2733 1786 fa-

508 1827 704 1895 mm
748 1825 1136 1922 ingerebat
1192 1823 1539 1896 fratribus
1595 1821 2111 1919 evangelicum
2171 1821 2386 1893 illud:
2449 1820 2733 1917 Vulpes

508 1935 756 2003 ssu-*effusis
809 1931 1089 2004 habent
1148 1946 1221 2002 et
1275 1928 1615 2001 volucres
1671 1929 1852 2002 caeli
1913 1928 2147 2012 nidos»,
2195 1927 2424 2000 Filius
2481 1945 2729 2000 autem

508 2039 644 2107 lli-i
712 2063 855 2109 non
913 2037 1170 2110 habuit
1226 2037 1350 2108 ubi
1409 2052 1634 2134 caput
1687 2034 2099 2107 reclinaret.

846 2429 996 2523 [De
1049 2429 1253 2501 domo
1307 2454 1531 2524 quam
1588 2438 1788 2522 apud
1842 2427 2416 2500 Portz'unculam

1052 2545 1420 2616 destruere
1472 2545 1752 2639 coepit}
1867 2542 2182 2615 XXVII.

852 2750 1203 2842 Quodam
1269 2764 1608 2845 tempore
1675 2775 1842 2820 cum
1900 2750 2097 2845 apud
2157 2748 2509 2822 Sanctam
2579 2749 2738 2821 Ma-

512 2864 560 2928 ri
572 2888 684 2928 ..mn
676 2796 821 2930 Dde
862 2856 1335 2928 Portiuncula
1381 2855 1601 2955 [fieri]
1654 2857 1965 2929 deberet
2004 2855 2405 2952 capitulum
2456 2873 2533 2928 et
2589 2855 2735 2928 iam

508 2988 576 3036 ta·
592 2989 797 3057 ιημυες
854 2963 1181 3046 instaret,
1228 2963 1709 3035 considerans
1765 2962 2086 3059 populus
2122 2962 2389 3036 Assisii
2432 2963 2736 3035 domum

508 3076 596 3140 {lsi
640 3076 821 3168 {nnn
862 3073 1087 3165 esse]‚
1126 3069 1503 3142 nesciente
1543 3069 1878 3167 [pariter]
1914 3086 1990 3141 et
2028 3070 2338 3143 absente
2369 3070 2527 3142 viro
2558 3070 2726 3149 Dei,

508 3180 809 3249 [imnum
849 3202 985 3272 pro
1025 3175 1348 3274 capitulo
1388 3176 1738 3249 citissime
1784 3192 2243 3250 construunt.
2364 3177 2538 3270 Quo
2578 3193 2734 3249 tan—

508 3288 672 3356 dum
740 3308 1077 3356 reversus
1132 3299 1363 3380 pater,
1409 3284 1715 3355 domum
1781 3285 2074 3380 aspexit
2131 3300 2206 3356 et
2265 3284 2576 3356 moleste
2635 3285 2733 3356 fe-

516 3420 692 3464 rum,
780 3416 925 3463 non
1003 3390 1322 3462 molliter
1394 3389 1648 3463 doluit.
1790 3391 1975 3462 Mox
2041 3391 2137 3463 ad
2200 3390 2732 3464 eliminandam

508 3504 772 3568 ,qt-alum
812 3498 1093 3595 primus
1149 3497 1492 3595 assurgit,
1537 3513 1815 3570 tectum
1875 3498 2328 3580 conscendit,
2374 3513 2452 3570 et
2507 3497 2732 3571 lastas

512 3636 672 3676 mm]
770 3603 1042 3702 tegulis
1116 3630 1338 3676 manu
1412 3603 1659 3676 valida
1743 3604 2048 3677 subruit.
2219 3605 2433 3677 Iubet
2505 3604 2732 3677 etiam

512 3716 768 3784 fixuras
841 3710 1269 3793 ascendere,
1341 3728 1417 3784 et
1490 3727 1901 3783 monstrum
1961 3710 2379 3808 paupertati
2439 3709 2731 3808 opposi-

512 3844 656 3892 mm
740 3817 1026 3890 eminus
1080 3818 1470 3915 abrogare.
1586 3818 1911 3892 Dicebat
1983 3819 2181 3890 enim
2241 3818 2388 3891 cito
2454 3843 2737 3913 expan-

512 3928 833 3997 dwwlum
902 3950 1036 4022 per
1101 3924 1461 4006 ordinem,
1535 3942 1609 3997 et
1683 3925 2198 4021 accipiendum
2258 3925 2602 3996 omnibus
2667 3925 2739 3995 in

508 4031 931 4128 ..ff-:wmplum
988 4031 1349 4129 quidquid
1408 4031 1480 4103 in
1538 4033 1704 4105 loco
1761 4031 1884 4104 illo
1922 4032 2396 4130 arrogantius
2453 4032 2735 4103 videre-

668 4260 672 4292 :
736 4242 868 4310 cius]
905 4243 964 4294 M
992 4258 1119 4294 suus
1270 4257 1311 4309 3.
1344 4241 1394 4293 A
1429 4241 1661 4293 accurrit
1812 4257 1854 4309 5.
1890 4242 1949 4294 M
1977 4240 2347 4294 aedificiorum
2503 4255 2580 4293 11.
2612 4241 2742 4310 Dei]

688 4344 692 4348 ·
724 4320 843 4372 sinis
874 4330 918 4373 et
957 4321 1042 4390 leg.
1076 4332 1236 4390 caput
1273 4337 1432 4372 suum
1588 4337 1665 4390 15.
1708 4323 1753 4373 A
1786 4322 1953 4373 teneri
2106 4337 2186 4390 17.
2226 4325 2272 4375 A
2315 4322 2382 4374 ibi
2422 4320 2613 4384 facere,
2651 4338 2743 4375 ne-

756 4412 898 4468 patre
1045 4415 1127 4451 21.
1165 4400 1352 4468 lastas]
1395 4399 1437 4453 R
1479 4399 1675 4453 lateres

2803 1951 2884 1998 10

2807 2895 2878 2960 15

2798 3425 2883 3471 20

2802 3955 2876 4020 25
