3142 4875
609 327 860 377 PROLEGOMEN
864 330 887 376 A
1246 332 1310 380 XXI

254 550 327 618 Hoc
351 550 575 630 monitorium,
596 571 613 614 a
637 572 690 615 me
713 552 895 638 quaesitum
921 548 973 616 ubi
989 573 1061 638 spes
1081 571 1147 619 erat
1166 550 1242 618 illud
1263 553 1309 619 in·

188 657 348 734 veniendi,
372 656 477 723 adhuc
501 654 697 723 desideratur
731 658 813 723 sicut
836 675 869 722 et
891 655 970 724 fides
1001 658 1116 745 scripta
1147 659 1307 725 variorum

186 763 407 852 prodigiorum
431 785 514 851 qnae
538 764 707 830 occasione
735 763 953 831 translationis
985 786 1145 831 sacrarum
1177 769 1308 831 exuvia-

185 895 257 939 rum
281 891 400 960 patrata
423 870 519 938 refert
534 869 621 937 idem
638 870 856 937 Phoebonius.
872 873 907 926 (¹)
942 874 986 939 Ea
1011 871 1218 952 documenta,
1235 875 1307 941 licet

184 980 217 1045 in
242 978 343 1045 forma
368 978 516 1066 originali
540 999 606 1043 non
637 978 702 1044 sint
725 980 867 1066 cognita,
892 978 1106 1066 comprobant
1129 998 1159 1045 et
1183 978 1303 1048 lamam

184 1086 357 1152 sanctitatis
380 1103 412 1151 et
436 1084 556 1151 cultum
583 1085 682 1151 Beato
706 1084 859 1151 Thomae
882 1087 1079 1173 praestitum,
1105 1086 1194 1152 aliter
1217 1091 1303 1153 enim

185 1193 224 1260 de
243 1193 448 1281 reliquiarum
472 1191 677 1257 translatione
693 1213 759 1259 non
778 1192 1007 1280 cogitavisseut
1031 1192 1075 1259 illi
1095 1192 1229 1273 Fratres,
1249 1196 1306 1280 qui

184 1323 299 1388 corpus
323 1299 410 1366 Beati
439 1318 540 1387 apost
563 1320 650 1364 aram
668 1298 824 1365 maiorem
842 1323 856 1360 u
880 1297 1102 1386 reponendum
1123 1322 1190 1365 non
1210 1298 1305 1367 dubi-

183 1425 342 1475 taverunt.
359 1406 394 1458 (²)

251 1514 367 1580 Primis
390 1512 509 1579 saeculi
532 1531 613 1579 xvnt
636 1512 742 1579 lustris
767 1511 843 1579 illud
868 1511 1050 1595 depositum
1083 1511 1225 1580 fidelium
1250 1514 1306 1580 de·

184 1622 318 1688 votione
342 1620 401 1687 fuit
425 1620 522 1708 digne
542 1639 743 1697 exornatum,
763 1637 795 1686 et
814 1640 885 1686 ossa
903 1621 989 1686 Beati
1006 1619 1159 1686 Thomae
1177 1640 1305 1709 compte

183 1728 335 1816 disposita
356 1726 529 1815 habituque
547 1727 711 1792 Minorem
729 1726 1003 1793 Conventualium
1021 1728 1146 1808 vestita,
1162 1728 1194 1794 in
1211 1752 1304 1814 capsa

182 1834 300 1922 lignea,
316 1833 465 1920 crystallo
484 1832 523 1899 ad
540 1853 662 1921 partem
681 1832 871 1899 anteriorem
893 1834 1028 1913 munita,
1043 1837 1304 1922 ornamentisque

183 1942 285 2006 aureis
321 1939 481 2019 decorata,
516 1937 645 2006 fuerunt
683 1939 881 2005 venerationi
920 1940 1047 2027 piorum
1086 1941 1241 2027 exposita.
1270 1945 1304 1993 (³)

183 2047 272 2113 Talis
296 2069 366 2113 arca
389 2046 449 2113 snb
468 2068 520 2113 ara
545 2046 658 2113 maiori
679 2045 783 2112 adhuc
808 2045 903 2112 hodie
929 2049 1123 2134 conspicitur
1145 2070 1219 2115 cum
1244 2047 1302 2114 hac

183 2153 389 2241 inscriptione
403 2176 411 2218 τ

458 2281 485 2326 n.
506 2279 643 2326 tisorias
667 2281 711 2325 on
735 2280 867 2325 carano
893 2281 919 2325 s.
940 2282 967 2324 r.
994 2281 1026 2326 n.

315 2386 475 2433 scntnrou
499 2379 668 2451 cronicam
691 2386 732 2433 nr
756 2387 964 2444 snovenrtnn
988 2380 1163 2451 ttontvonl.

252 2549 294 2615 (t)
315 2547 346 2600 ln
366 2548 463 2600 eodem
481 2546 560 2611 libro,
574 2550 599 2599 in
621 2564 676 2617 quo
696 2564 738 2616 pp.
762 2545 848 2615 51-66
869 2546 982 2617 legitur:
1007 2548 1062 2600 l'rlo
1081 2546 1119 2600 del
1142 2548 1170 2599 B.
1195 2548 1300 2601 Toranio

180 2636 213 2689 da
233 2637 326 2690 Gelono
344 2654 393 2689 uno
413 2635 448 2689 dc’
462 2638 593 2707 coanpugni
612 2635 637 2689 di
652 2636 677 2689 5.
696 2636 848 2699 Froncesco,
867 2637 886 2688 il
904 2639 945 2688 cui
964 2647 1038 2706 corpo
1058 2638 1140 2706 ripnso
1161 2637 1224 2689 nella
1240 2648 1301 2704 cup·

178 2727 244 2798 pello
266 2726 360 2780 Deculo
379 2725 405 2777 ol
428 2724 557 2779 Convanlo
576 2724 612 2778 Δι’
631 2727 730 2778 Μίηονί
750 2726 919 2780 (Ῑοιιυεηιιιαίἰ
941 2727 968 2777 in
992 2726 1162 2794 Togliotoaao.
1201 2724 1238 2777 lbi
1264 2726 1300 2777 ci·

180 2827 271 2867 tantur
289 2814 362 2866 varia
381 2813 536 2867 testimonia
556 2814 701 2883 subscripta
722 2830 737 2865 a
756 2814 877 2875 testibus,
897 2812 1048 2867 reseruntur
1067 2814 1178 2866 nomina
1203 2830 1299 2866 eorum

181 2905 256 2957 cuius
274 2919 356 2973 opera
376 2901 419 2956 vel
438 2903 552 2956 consilio
572 2903 711 2956 translatio
730 2917 838 2973 peracta
858 2903 915 2957 fuit.
950 2904 1024 2956 Haec
1042 2906 1133 2956 onmia
1154 2917 1226 2957 certo
1245 2920 1299 2956 nou

180 2988 325 3046 somniavit
344 3009 395 3044 nec
412 2990 519 3044 conficit
534 3004 636 3057 auctor,
647 2992 692 3044 sed
704 2993 890 3045 authenticum
902 2992 1032 3061 scriptum
1045 2993 1087 3043 cui
1100 2991 1195 3045 alludit
1208 2994 1299 3061 magni

180 3082 312 3136 momenti
332 3080 402 3134 foret
421 3081 454 3133 ad
474 3098 505 3133 ea
525 3082 746 3135 constabilienda.

251 3174 293 3241 (2)
314 3171 390 3225 quta
410 3171 521 3223 citatum
542 3171 741 3236 Phoebonium‚
763 3172 814 3223 «in
829 3189 864 3224 nn
879 3172 1052 3226 tabernacolo
1078 3173 1103 3224 di
1124 3171 1242 3241 legno»,
1257 3190 1299 3226 se·

180 3263 299 3315 cundum
320 3272 412 3313 autem
436 3263 614 3314 instrumenta
634 3277 703 3331 quae
723 3259 804 3316 refert
824 3260 852 3315 Ρ.
872 3261 987 3314 Baiocco
1009 3282 1022 3311 «
1040 3262 1066 3314 in
1085 3279 1145 3315 arca
1167 3262 1297 3331 lapidea»

180 3350 223 3417 (cf.
236 3367 309 3420 supr.
324 3367 348 3419 p.
362 3363 412 3412 xri,
424 3367 450 3402 n.
465 3352 502 3409 a).
541 3349 726 3403 Contradictio
739 3350 830 3419 potius
842 3366 974 3419 apparens
988 3362 1028 3402 est
1041 3366 1122 3420 quam
1137 3350 1223 3413 realis,
1234 3368 1297 3403 nam

179 3443 247 3492 dicta
267 3440 445 3491 instrumenta
463 3436 570 3491 luerunt
589 3455 661 3491 anno
687 3440 750 3509 1'598
769 3440 878 3509 scripta,
898 3455 966 3508 opus
986 3456 1051 3492 vero
1073 3439 1223 3492 Phoebonii
1244 3441 1298 3492 edi-

178 3541 236 3581 tum
255 3526 303 3580 suit
319 3543 393 3580 anno
417 3525 490 3597 t673‚
518 3540 544 3579 et
564 3527 590 3579 in
609 3527 661 3580 hoc
681 3528 814 3598 temporis
833 3528 976 3581 intervallo
1002 3542 1146 3598 potuerunt
1171 3528 1299 3581 Conven-

176 3617 262 3672 tuales
281 3616 411 3686 reliquias
430 3634 462 3668 ex
477 3632 535 3669 arca
549 3616 653 3686 lapidea
667 3630 800 3670 extractas
812 3620 839 3669 in
855 3618 1030 3671 tabernaculo
1045 3618 1136 3689 ligneo
1152 3619 1299 3688 deponere,

177 3706 249 3777 quod
268 3704 354 3758 ferme
373 3703 550 3758 confirmatur
569 3706 601 3757 ab
622 3705 659 3758 eis
679 3722 748 3776 quae
769 3722 834 3758 mox
854 3723 969 3776 expono.

247 3794 291 3864 (ς)
311 3792 485 3861 Corsignani,
500 3792 534 3845 de
550 3808 665 3862 corpore
684 3793 753 3845 beati
768 3793 893 3846 Thomae
914 3794 1066 3847 Taleacotii
1082 3792 1212 3847 translato
1227 3808 1253 3846 et
1270 3796 1294 3845 in

177 3882 291 3936 ecclesia
311 3881 403 3934 Sancti
423 3881 556 3935 Francisci
579 3884 696 3952 reposito
717 3882 841 3952 loquens,
861 3883 946 3934 addit:
969 3885 1061 3935 «dove
1082 3884 1108 3935 in
1135 3883 1199 3952 oggi
1219 3899 1296 3936 entro

177 3972 269 4024 dotata
289 3987 364 4023 cassa
385 3987 436 4023 con
456 3988 520 4040 gran
541 3974 718 4025 veneracione
744 3973 912 4025 conservasi:
937 3972 961 4025 la
986 3972 1065 4042 quale
1091 3990 1165 4025 cassa
1191 3973 1295 4025 ultima-

176 4074 267 4114 mente
286 4063 301 4113 e
321 4072 389 4113 stata
409 4060 535 4112 abbellita
555 4078 569 4113 e
588 4060 682 4113 dotata
703 4059 774 4113 dalla
794 4061 943 4114 devozione
957 4062 1001 4114 dei
1022 4062 1226 4132 Tagliacozzesi
1241 4080 1292 4116 con

176 4149 373 4219 intagliamenti
388 4149 548 4202 ammirabili
569 4150 702 4202 incastrati
723 4151 750 4202 in
763 4150 855 4203 tavole
869 4151 893 4201 di
911 4152 999 4203 abetc:
1016 4168 1031 4203 e
1050 4151 1068 4202 il
1089 4168 1170 4221 corpo
1187 4152 1208 4203 si
1226 4153 1295 4203 mira

177 4240 271 4292 vestito
291 4237 431 4290 coll'abito
450 4237 492 4291 de'
505 4237 602 4292 Minori
620 4239 842 4300 Conventuaii,e
863 4240 932 4293 colle
949 4257 1022 4293 sacre
1035 4257 1096 4292 osse
1112 4240 1162 4292 ben
1176 4241 1296 4311 disposte

175 4344 190 4379 e
209 4328 453 4396 compositamentc
473 4326 545 4380 unite
557 4348 580 4379 u.
600 4330 692 4397 Rrggia
712 4328 868 4393 allarsicana,
885 4346 976 4382 natam
997 4331 1114 4382 manantia
1130 4333 1295 4400 topograyiclic

174 4416 317 4470 alaricho...
337 4415 401 4469 della
417 4418 551 4488 prouincia
570 4417 608 4471 dai
628 4419 719 4485 Marsi,
739 4418 838 4489 Napoli
861 4420 935 4486 1738,
950 4430 969 4471 t.
987 4418 1020 4486 ll,
1040 4435 1064 4488 p.
1087 4416 1133 4487 165
1155 4432 1181 4472 et
1201 4437 1235 4474 ss.
