3142 4875
283 289 352 355 192
655 290 823 339 intumus
854 289 1019 337 suctum

279 399 381 406 ...---·
398 400 559 407 ---.--.—.
574 399 920 408 -.,—-.-..-..-..-—.-..
940 400 944 403 -
973 396 1391 405 -.--———-———..——-

274 526 304 596 si
334 526 404 599 hoc
433 528 563 599 dixero
591 526 713 598 fatuus
742 526 953 621 reputabor,
977 525 1006 596 si
1025 540 1179 596 tacuero
1202 523 1391 595 couscien

274 632 363 705 tiam
380 658 453 705 non
470 634 637 706 evadam.
696 632 798 725 Quid
814 657 906 728 ergo
922 630 987 703 tibi
1007 630 1176 703 videtur?
1223 630 1391 724 Respon-

273 739 329 813 dit
355 740 478 813 soeius
505 741 586 812 eius
613 739 759 811 dicens:
795 740 949 833 [Pater],
977 764 1045 833 pro
1075 736 1226 809 minimo
1246 736 1311 809 tibi
1331 736 1387 817 sit,

274 864 313 918 ut
340 848 387 919 ab
416 846 628 919 hominibus
663 845 845 927 iudiceris
885 846 972 942 quia
1009 870 1083 917 non
1117 844 1230 917 modo
1259 842 1391 939 incipis

189 1008 194 1018 .
272 954 393 1026 fatuus
430 953 604 1051 reputari.
680 952 856 1025 Exonera
892 950 1157 1024 conscientiam
1199 966 1312 1034 tuam,
1351 965 1390 1022 et
1420 973 1437 1035 5

272 1060 396 1132 Deum
418 1059 538 1157 magis
557 1060 647 1134 time
665 1084 776 1156 quam
805 1059 985 1130 homines.
1043 1057 1176 1129 Exsilit
1195 1082 1289 1154 ergo
1308 1082 1390 1129 san·

272 1183 354 1239 ctus
368 1184 405 1239 et
420 1166 641 1240 salutaribus
656 1167 805 1239 monitis
817 1165 1048 1237 Christianos
1063 1166 1293 1261 aggreditur,
1306 1190 1389 1260 pro-

271 1272 404 1346 hibens
431 1273 578 1357 bellum,
610 1274 834 1347 denuntians
854 1298 993 1348 casum.
1049 1272 1110 1343 Fit
1127 1270 1264 1343 veritas
1283 1271 1320 1342 in
1340 1270 1355 1341 f
1378 1314 1388 1323 ·

271 1380 407 1463 bulam,
438 1380 703 1453 induraverunt
732 1405 922 1452 corsuum
943 1396 980 1450 et
1001 1381 1197 1450 noluerunt
1229 1377 1384 1450 adverti.

271 1487 357 1569 Itur,
388 1487 638 1572 committitur,
676 1486 844 1565 bellatur,
875 1504 913 1558 et
941 1487 987 1558 de
1024 1485 1157 1557 nostris
1192 1485 1388 1557 dimicatur
1423 1504 1460 1549 10

270 1593 318 1666 ab
337 1593 515 1665 hostibus.
547 1594 587 1665 ln
617 1593 697 1689 ipso
719 1619 809 1666 vero
824 1618 976 1690 pugnae
995 1607 1165 1689 tempore
1185 1616 1388 1687 suspensus

269 1700 395 1773 animo
423 1717 573 1773 sanctus
601 1702 742 1773 socium
772 1726 928 1797 surgere
957 1700 1005 1771 ad
1033 1698 1251 1771 intuendum
1289 1697 1385 1783 lacit,

270 1807 434 1904 nihilque
462 1807 581 1903 primo
610 1822 648 1880 et
676 1808 842 1880 secundo
870 1807 1060 1879 videntem
1088 1806 1199 1878 tertio
1218 1804 1321 1877 iubet
1337 1805 1387 1876 in-

269 1913 423 2009 spicere.
481 1915 531 1987 Et
559 1940 647 1986 ecce
675 1930 754 1987 tota
782 1915 818 1985 in
847 1914 975 2010 fugam
1002 1938 1112 1985 versa
1140 1910 1268 1985 militia
1295 1910 1387 1983 chri·

268 2020 398 2105 stiana,
431 2021 542 2093 linem
571 2019 656 2094 belli
676 2022 917 2118 opprobrium
944 2044 1135 2117 segerens
1166 2044 1240 2091 non
1260 2019 1386 2090 trium·
1420 2039 1456 2103 15

268 2127 394 2224 phum.
452 2127 576 2201 Tanta
603 2154 693 2201 vero
721 2147 848 2225 strage
870 2142 1079 2199 nostrorum
1100 2124 1314 2198 imminutus
1328 2143 1387 2198 est

269 2259 454 2318 numerus,
479 2250 517 2307 ut
541 2259 608 2307 sex
629 2234 739 2309 millia
768 2234 903 2307 fuerint
924 2234 1020 2306 inter
1039 2251 1205 2305 mortuos
1220 2248 1259 2303 et
1273 2230 1386 2328 capti·

266 2366 346 2429 vos.
403 2341 574 2439 Urgebat
603 2367 696 2441 ergo
716 2357 885 2415 sanctum
905 2342 953 2413 de
973 2341 1061 2438 ipsis
1077 2339 1297 2436 compassio
1316 2364 1384 2410 nec

268 2449 389 2521 minus
417 2453 518 2545 eo[s]
550 2450 755 2545 poenitudo
784 2450 832 2521 de
861 2451 970 2522 facto.
1029 2447 1169 2520 Verum
1184 2446 1384 2543 praecipue

206 2591 208 2594 ·
267 2555 457 2651 Hispanos
485 2558 699 2653 plangebat,
730 2583 889 2653 quorum
919 2554 1187 2652 promptiorem
1217 2554 1253 2625 in
1273 2555 1385 2625 armis
1414 2573 1456 2619 20

265 2662 459 2736 audaciam
496 2666 673 2737 cernebat
706 2661 886 2760 pauculos
924 2661 1127 2757 reliquisse.
1202 2659 1385 2731 Noverint

266 2769 359 2841 haec
391 2769 576 2866 principes
613 2770 714 2843 orbis
747 2787 879 2854 terrae,
920 2785 957 2841 et
994 2768 1112 2840 sciant
1141 2768 1227 2862 quia
1255 2783 1385 2838 contra

265 2875 390 2947 Deum
418 2902 588 2974 pugnare
617 2903 691 2949 non
719 2893 777 2949 est
806 2875 921 2958 facile,
953 2875 1050 2947 idest
1077 2890 1207 2946 contra
1230 2871 1382 2945 Domini

264 2982 505 3056 voluntatem.
562 2983 712 3056 Exitiali
742 2984 815 3056 fine
842 2981 1032 3055 terminari
1060 2983 1156 3052 solet
1183 2981 1380 3076 protervia,

265 3114 361 3185 quae
390 3091 478 3161 dum
507 3089 583 3162 suis
614 3090 789 3185 [vir]ibus
818 3089 953 3172 nititur,
986 3087 1147 3160 caeleste
1176 3087 1381 3159 subsidium
1411 3107 1449 3171 25

266 3221 340 3268 non
368 3212 540 3270 meretur.
600 3197 638 3268 Si
654 3198 752 3269 enim
769 3223 816 3269 ex
836 3196 911 3269 alto
926 3194 1067 3292 sperari
1088 3195 1202 3268 debet
1216 3194 1378 3276 victoria,

264 3301 390 3376 divino
418 3320 504 3376 sunt
532 3303 661 3401 spiritu
690 3305 831 3401 proelia
851 3302 1127 3375 committenda.

695 3536 907 3544 .-..-.--..-

318 3731 393 3824 [De
407 3732 540 3825 fratre
567 3731 674 3802 cuius
700 3731 821 3802 cordis
848 3730 1057 3801 absconditu
1085 3729 1222 3823 scivit}
1280 3727 1325 3799 V.

342 3970 402 4039 31·
424 3946 482 4018 Eo
497 3962 666 4041 tempore
682 3972 766 4018 cum
781 3961 1031 4019 reverteretur
1055 3961 1205 4018 sanctus
1221 3944 1268 4016 de
1284 3941 1378 4015 ultra

261 4079 373 4137 mare,
397 4054 538 4125 socium
563 4053 705 4126 habens
725 4055 875 4126 fratrem
896 4054 1134 4125 Leonardum
1155 4051 1203 4124 de
1217 4050 1373 4134 AssisiO,
1409 4082 1448 4148 30

336 4264 470 4328 3.Aom.
490 4263 566 4315 Pater
641 4264 874 4332 15..llinoerens
951 4279 989 4328 ις).
1010 4265 1033 4316 A
1053 4279 1085 4314 eo
1165 4263 1376 4328 21-27.,llom.

262 4339 419 4393 Noverint·
433 4344 628 4396 committenda
701 4359 741 4396 22.
764 4344 783 4396 l<
804 4345 855 4396 hoc
930 4359 970 4410 25.
991 4347 1014 4397 A
1035 4343 1132 4396 linibus
