3142 4875
248 297 270 364 8
643 317 816 368 Lnunxon
844 320 955 368 nnius

246 554 389 638 citatus
420 555 528 627 adest
555 554 679 627 subito
708 553 833 627 divina
861 554 961 638 ultio,
984 555 1043 627 vel
1071 555 1196 651 potius
1224 553 1361 638 uncti0,

242 663 483 758 supereum,
513 678 552 735 et
578 661 801 760 aggreditur
838 662 958 758 primo
986 687 1136 734 sensum
1166 687 1364 735 erroneum

245 792 434 853 revocare,
465 768 591 840 animo
618 767 831 865 angustiam
852 785 891 841 et
910 767 1056 865 corpori
1086 767 1294 841 molestiam
1313 768 1364 840 in·

246 875 412 958 serendo,
435 872 538 947 iuxta
565 874 655 947 illud
684 873 967 972 propheticum:
991 876 1089 947 Ecce
1118 899 1193 973 ego
1221 874 1364 972 sepiam

245 980 344 1053 viam
372 997 475 1053 tuam
504 981 630 1078 spinis
661 1000 699 1055 et
735 982 878 1078 sepiam
907 1006 990 1054 eam
1025 981 1196 1054 maceria.
1227 982 1365 1078 Sicque
1397 1009 1413 1073 5

246 1088 308 1161 diu
350 1088 562 1161 infirmitate
598 1089 755 1172 attritus
788 1103 828 1159 ut
864 1106 1027 1160 meretur
1063 1088 1273 1186 pervicacia
1304 1091 1366 1160 bo·

246 1194 397 1278 minum,
429 1220 525 1291 quae
554 1193 616 1267 vix
646 1195 713 1268 nisi
751 1194 941 1291 suppliciis
978 1196 1209 1278 emendatur,
1242 1195 1366 1292 coepit

247 1301 342 1376 intra
370 1326 412 1374 se
430 1301 503 1375 alia
522 1301 631 1375 solito
651 1300 830 1399 cogitare.
889 1301 1061 1398 Cumque
1082 1301 1154 1374 iam
1173 1301 1365 1399 paululum

246 1406 466 1505 respirasset
494 1425 533 1481 et
559 1408 693 1481 baculo
728 1425 968 1491 sustentatus,
1000 1434 1113 1481 causa
1141 1433 1366 1505 recuperan-

246 1515 317 1588 dae
345 1513 522 1599 sanitatis,
554 1515 739 1612 coepisset
768 1516 841 1587 buc
867 1530 980 1611 atque
1009 1515 1091 1588 illuc
1120 1540 1188 1612 per
1207 1514 1366 1588 domici·
1399 1541 1440 1587 10

246 1620 334 1693 lium
359 1619 561 1703 ambulare,
584 1622 644 1694 die
673 1623 835 1719 quadam
866 1623 964 1694 loras
992 1622 1116 1703 exivit,
1148 1639 1186 1695 et
1213 1622 1397 1703 circum.

245 1727 479 1800 adiacentem
507 1728 736 1825 provinciam
757 1729 882 1826 coepit
900 1729 1081 1801 curiosius
1100 1729 1245 1801 intueri.
1289 1727 1365 1801 Sed

246 1834 483 1930 pulchritudo
510 1860 699 1932 agrorum,
728 1835 921 1909 vinearum
951 1834 1169 1918 amoenitas
1200 1851 1239 1908 et
1266 1835 1366 1931 quic·

246 1940 336 2038 quid
364 1942 444 2014 visu
478 1941 672 2039 pulchrum
709 1958 776 2028 est,
808 1941 845 2015 in
875 1942 974 2016 nullo
1003 1967 1089 2015 eum
1118 1942 1239 2038 potuit
1267 1942 1365 2014 dele·

247 2065 360 2122 ctare.
403 2048 611 2122 Mirabatur
632 2065 832 2146 propterea
847 2051 1007 2123 subitam
1023 2048 1091 2121 sibi
1108 2039 1362 2131 mutationem,
1401 2076 1439 2142 15

246 2171 285 2228 et
303 2156 579 2252 praedictorum
594 2172 781 2230 amatores
795 2155 1032 2230 stultissimos
1045 2156 1254 2253 reputabat.
1302 2155 1365 2226 Ab

246 2288 290 2335 ea
327 2262 453 2358 itaque
491 2262 552 2335 die
590 2263 714 2360 coepit
748 2264 912 2360 seipsum
941 2262 1120 2336 vilescere
1149 2262 1228 2346 sibi,
1261 2277 1299 2334 et
1328 2261 1364 2334 in

247 2385 463 2466 contemptu
493 2371 656 2467 quodam
688 2369 828 2444 habere
864 2396 960 2468 quae
997 2371 1101 2469 prius
1137 2368 1173 2443 in
1208 2368 1366 2444 admira-

247 2476 349 2549 tione
377 2476 559 2550 habuerat
586 2493 624 2551 et
651 2503 792 2555 amore.

326 2605 361 2673 4.
393 2583 479 2656 Non
507 2583 617 2682 plene
646 2600 771 2657 tamen
794 2609 862 2657 nec
882 2610 980 2668 vere,
1004 2584 1091 2681 quia
1121 2585 1287 2656 nondum
1307 2609 1365 2655 so·
1396 2611 1440 2659 20

245 2690 344 2762 lutus
371 2708 451 2763 erat
479 2716 501 2762 a
528 2691 684 2764 vinculis
712 2692 928 2773 vanitatum,
961 2717 1029 2764 nec
1058 2715 1257 2787 perversae
1291 2716 1365 2762 ser-

244 2796 371 2869 vitutis
386 2796 514 2897 iugum
531 2816 747 2877 excusserat
762 2799 809 2870 de
829 2798 984 2871 cervice.
1020 2797 1291 2871 Gravissimum
1308 2813 1364 2873 est

245 2903 344 2976 enim
372 2919 521 2978 assueta
541 2904 760 3001 relinquere,
783 2921 822 2977 et
839 2905 965 2978 animo
989 2906 1105 2978 semel
1134 2904 1270 2977 iniecta
1289 2928 1362 2975 non

245 3010 293 3083 de
308 3011 404 3083 sacili
423 3028 657 3085 enervantur.
701 3012 875 3084 Recurrit
894 3011 1040 3085 animus
1058 3010 1174 3109 longo
1194 3027 1363 3107 tempore

245 3134 471 3215 segregatus
490 3119 537 3191 ad
557 3119 769 3192 rudimenta
786 3117 968 3215 principii,
990 3135 1029 3191 et
1051 3116 1270 3190 assiduitate
1289 3116 1364 3215 ple·
1393 3145 1412 3190 2
1418 3146 1436 3211 5

245 3228 403 3321 rumque
423 3224 551 3297 vitium
573 3226 727 3299 vertitur
756 3226 792 3297 in
823 3243 1003 3298 naturam.
1047 3224 1187 3298 Tentat
1207 3223 1363 3321 proinde

246 3331 467 3404 Franciscus
495 3332 618 3405 adhuc
647 3331 808 3406 divinam
835 3332 965 3429 lugere
994 3357 1156 3415 manum,
1179 3348 1216 3404 et
1244 3346 1364 3427 pater·

247 3462 317 3510 nae
346 3438 587 3512 correctionis
622 3439 812 3537 paulisper
839 3441 985 3522 oblitus,
1018 3438 1266 3512 arridentibus
1295 3437 1363 3510 sibi

245 3543 444 3641 prosperis,
467 3546 609 3644 cogitat
628 3572 725 3643 quae
744 3562 832 3620 sunt
852 3547 990 3630 mundi,
1009 3571 1053 3618 ac
1081 3545 1260 3645 ignorans
1279 3570 1364 3618 con·

320 3760 341 3797 1.
364 3744 410 3799 AS
430 3764 477 3799 om.
501 3747 588 3817 potius
642 3748 672 3801 H
690 3748 823 3801 correctio
902 3749 988 3801 2an
1006 3746 1106 3801 sensim
1184 3762 1207 3811 ς.
1231 3747 1262 3800 Μ
1281 3747 1364 3799 vitam

245 3839 269 3893 7.
295 3823 329 3875 W
344 3842 397 3896 qua
470 3827 494 3879 8.
512 3827 554 3881 Or
570 3827 681 3896 paululo
758 3843 850 3881 10-11.
867 3829 898 3882 Μ
911 3828 1025 3881 domum
1101 3842 1140 3880 11.
1158 3825 1193 3881 Os
1208 3826 1364 3889 ambulavit,

245 3905 327 3958 exivit
420 3922 513 3960 11-12.
533 3908 577 3962 As
596 3910 667 3961 circa
686 3908 738 3977 adi.
761 3907 906 3978 planiciem
997 3922 1091 3975 12·13.
1112 3907 1147 3960 Os
1166 3906 1219 3959 Sed
1237 3921 1365 3977 agrorum

243 3985 405 4050 amoenitas,
419 4003 562 4040 nemorum
575 4000 601 4041 et
614 3988 756 4051 vinearum
823 3988 1041 4052 14.blom.visu
1091 3985 1196 4040 Rvisui
1259 4000 1297 4055 15.
1310 3986 1365 4051 Ox,

244 4064 265 4116 R
282 4065 323 4117 sui
360 4066 407 4120 AS
420 4066 639 4120 immutationem
716 4084 755 4137 17.
777 4068 812 4122 Os
828 4067 883 4136 ipsa
899 4083 1019 4137 namque
1035 4065 1078 4119 die
1094 4066 1184 4136 coepit
1198 4066 1270 4135 apud
1286 4067 1365 4136 seips.

232 4144 342 4216 ἰθ-19,
358 4147 388 4199 H
401 4159 560 4217 contemptu
576 4148 676 4201 habere
693 4164 818 4219 quaeque
831 4164 900 4217 quae
914 4164 939 4219 p.
953 4150 970 4200 i.
985 4146 1193 4198 admirationem
1210 4145 1236 4198 h.
1253 4162 1276 4199 e.
1290 4161 1366 4198 amo-

245 4240 305 4278 rem
380 4228 587 4282 20.ASetvere
657 4228 868 4281 numanitatis
938 4227 1166 4296 23.0sconsueta
1239 4224 1365 4293 25-26.R

246 4304 394 4372 plurimum
468 4306 700 4361 26.Hrevertitur
743 4307 907 4379 RExpectat
980 4304 1238 4375 27.l·lsanctusl²r.
1285 4306 1365 4359 Earn.

247 4384 336 4436 adbuc
411 4387 451 4440 28.
471 4387 494 4440 E
500 4426 509 4451 ,
529 4388 572 4452 ll,
594 4389 629 4442 Os
648 4389 825 4458 correptionis
911 4401 953 4457 29.
973 4386 1019 4440 AS
1036 4386 1170 4456 cogitabat
1188 4401 1214 4456 q.
1233 4402 1254 4439 s.
1274 4400 1310 4440 m.
1330 4387 1368 4438 At
