3142 4875
260 325 307 416 38
658 349 828 396 iuuenum
858 349 969 397 Puram

1205 459 1209 464 .
1226 459 1376 466 ..-—--

257 583 332 655 rius
360 582 414 655 eis
441 582 580 679 aliquid
600 582 838 679 proprietatis
862 583 1077 665 innecteret,
1101 581 1183 654 loco
1213 583 1294 679 ipso
1324 608 1377 654 re·

257 691 353 773 lictu,
385 707 587 786 sequentes
615 689 759 762 felicem
789 706 944 786 patrem,
976 689 1108 764 vallem
1133 687 1376 784 Spoletanam

180 825 184 836 ³
257 815 344 870 tunc
361 797 540 894 temporis
555 796 795 868 intraverunt.
854 796 1108 869 Conferebant
1128 795 1276 891 pariter,
1296 795 1376 868 veri

257 905 417 976 cultores
437 902 607 986 iustitiae,
630 918 753 975 utrum
777 901 874 975 inter
893 903 1063 975 homines
1083 901 1293 999 conversari
1314 903 1376 975 de·

257 1011 398 1090 berem,
422 1035 468 1082 an
488 1011 536 1083 ad
556 1012 637 1082 loca
657 1008 820 1083 solitaria
839 1036 879 1082 se
900 1012 1080 1083 conserte.
1124 1008 1200 1081 Sed
1226 1025 1377 1081 sanctus
1407 1039 1423 1103 5

257 1116 487 1200 Franciscus
510 1116 666 1213 quinon
695 1118 743 1190 de
763 1115 943 1189 industria
971 1116 1121 1213 propria
1150 1116 1372 1197 confidebat,

256 1224 322 1297 sed
338 1240 468 1297 sancta
482 1221 650 1296 oratione
665 1223 791 1296 omnia
806 1223 1072 1321 praeveniebat
1083 1224 1245 1319 negotia,
1260 1223 1376 1320 elegit

257 1357 330 1404 non
360 1331 428 1404 sibi
448 1329 574 1403 vivere
603 1330 680 1412 soli,
703 1331 770 1404 sed
791 1331 824 1404 ei
845 1331 907 1427 qui
928 1356 996 1428 pro
1016 1329 1189 1403 omnibus
1209 1346 1377 1402 mortuus

255 1454 322 1519 est,
355 1433 476 1510 sciens
505 1463 546 1510 se
574 1440 621 1509 ad
651 1438 723 1510 hoc
752 1438 905 1510 missum
926 1454 965 1509 ut
989 1437 1076 1510 Deo
1095 1435 1238 1509 animas
1261 1435 1375 1509 lucra·
1523 1527 1526 1531 ι

257 1561 366 1628 retur,
400 1570 492 1641 quas
521 1542 690 1616 diabolus
719 1545 924 1617 conabatur
951 1544 1107 1617 auferre.
1412 1575 1451 1621 ιο

256 2024 315 2094 De
321 2024 436 2118 sanna
454 2024 577 2095 sancti
593 2024 634 2093 F
631 2024 792 2094 rancr'ser'
807 2033 841 2093 et
859 2024 901 2094 a'e
926 2023 1154 2094 conversione
1172 2022 1376 2094 nrnltararn

334 2139 388 2209 arl
412 2140 546 2220 Denrn,
577 2148 611 2209 et
628 2139 801 2233 quomado
819 2139 906 2210 ardo
930 2149 1084 2209 vacatur
1096 2140 1276 2232 fratrum
1297 2140 1376 2209 Mi-

335 2279 479 2335 noram,
513 2264 547 2325 et
577 2254 744 2348 qualiter
772 2254 989 2348 relrgrbnem
1028 2254 1216 2325 intrantes
1254 2253 1377 2325 beatus

335 2370 558 2441 Francz'scns
587 2368 824 2465 r‘nfhrrnabat.
883 2367 968 2441 XV.

338 2588 397 2676 36.
430 2583 621 2656 Circuibat
658 2584 815 2679 proinde
845 2582 1066 2656 fortissimus
1095 2583 1200 2655 miles
1238 2582 1375 2655 Christi
1409 2619 1450 2685 15

254 2691 475 2762 Franciscus
495 2690 663 2762 civitates
682 2708 720 2762 et
739 2689 900 2773 castella,
925 2715 997 2762 non
1019 2690 1055 2761 in
1070 2688 1376 2786 persuasibilibus

255 2799 440 2869 humanae
469 2796 674 2894 sapientiae
695 2796 827 2879 verbis,
851 2798 974 2870 sedin
995 2796 1164 2869 doctrina
1183 2814 1220 2868 et
1239 2796 1375 2869 virtute

254 2903 413 2999 spiritus,
436 2904 661 2976 annuntians
690 2929 849 3001 regnum
878 2904 962 2985 Dei,
985 2902 1205 2999 praedicans
1229 2929 1371 2998 pacem,

256 3013 396 3083 docens
425 3012 581 3083 salutem
612 3028 649 3083 et
667 3012 936 3108 poenitentiam
958 3011 994 3081 in
1015 3010 1271 3082 remissionem
1292 3036 1375 3106 pec·

257 3106 435 3190 catorum.
486 3119 642 3189 Sincera
648 3119 890 3212 praedicatio.
940 3118 1031 3189 Erat
1046 3118 1081 3187 in
1098 3117 1271 3188 omnibus
1287 3117 1376 3188 lidu-
1404 3150 1448 3197 20

258 3225 385 3296 cialius
413 3248 532 3322 agens
561 3250 608 3297 ex
628 3224 849 3297 auctoritate
868 3224 1074 3320 apostolica
1093 3224 1161 3294 sibi
1183 3248 1372 3306 concessa,
1395 3278 1398 3279 f

258 3332 364 3404 nullis
394 3347 502 3403 utens
529 3330 815 3409 adulationibus,
847 3330 955 3403 nullis
987 3329 1207 3403 seductoriis
1236 3329 1376 3402 blandi·

258 3439 401 3511 mentis.
471 3437 673 3511 Nesciebat
709 3437 917 3534 aliquorum
955 3436 1082 3534 culpas
1119 3436 1271 3533 palpare
1308 3437 1374 3508 sed

254 3571 434 3643 pungere,
467 3570 535 3617 nec
562 3543 676 3617 vitam
707 3547 834 3617 lovere
871 3543 1108 3641 peccantium
1146 3545 1212 3615 sed
1241 3568 1375 3640 aspera

254 3653 507 3749 increpatione
526 3669 732 3749 percutere.
765 3651 954 3745 Quoniam
975 3651 1044 3723 sibi
1065 3649 1186 3746 primo
1206 3668 1374 3722 suaserat
1402 3685 1421 3731 2
1428 3689 1445 3751 5

251 3785 365 3857 opere
394 3760 495 3856 quod
524 3759 648 3832 verbis
675 3757 756 3831 aliis
785 3760 976 3840 suadebat,
1009 3775 1047 3831 et
1067 3782 1141 3831 non
1161 3757 1296 3829 timens
1320 3783 1373 3829 re·

250 3858 528 3963 prehensorem,
560 3867 755 3939 veritatem
786 3866 1029 3938 fidentissime
1058 3865 1291 3961 loquebatur,
1323 3863 1373 3936 ita

324 4094 345 4132 1.
365 4079 395 4132 H
412 4096 460 4131 om.
482 4078 520 4130 eis
595 4094 616 4145 3.
635 4078 677 4131 Or
693 4078 741 4128 viri
818 4094 839 4144 5.
861 4078 919 4141 AS,
942 4076 1142 4137 Erranslerre;
1161 4076 1209 4137 Os,
1229 4076 1248 4127 R
1271 4075 1373 4128 conser-

251 4172 308 4211 rent
376 4158 545 4228 7.0xeligit
613 4159 815 4212 tollconatur
882 4158 977 4219 11.H,
995 4156 1140 4220 u,R,W
1151 4156 1220 4208 beati
1292 4171 1329 4208 12.
1345 4159 1372 4208 ,u

249 4239 282 4290 ad
296 4239 446 4291 Dominum
504 4239 538 4291 Os
552 4239 583 4289 ad
599 4255 661 4290 eum
677 4252 702 4291 et
716 4254 809 4308 quom.
822 4254 881 4290 voc.
897 4238 963 4290 ordo
980 4238 1038 4289 eius
1093 4235 1136 4301 H,
1153 4238 1209 4301 Or,
1225 4237 1260 4300 ll,
1281 4238 1315 4287 W
1324 4252 1372 4289 ro-

251 4328 326 4370 catus
346 4332 386 4371 est
466 4317 506 4371 16.
526 4320 546 4373 R
567 4332 653 4371 castra
734 4333 828 4372 20-21.
850 4317 885 4382 R,
909 4317 943 4367 W
959 4316 1114 4369 fiducialiter
1197 4331 1237 4368 22.
1258 4316 1277 4368 R
1298 4316 1372 4368 nullo

252 4410 329 4451 utens
383 4397 431 4451 As
447 4399 632 4451 seductoribus
705 4413 746 4467 27.
767 4398 794 4450 H
812 4397 1053 4456 confidentissime·
1076 4396 1096 4449 R
1116 4394 1270 4449 fidelissime
