3142 4875
267 383 315 453 54
667 390 784 438 LEGEN
790 392 838 438 DA
866 391 977 439 PRIMA

263 623 423 695 evadere
452 623 681 696 servitutem.
740 623 973 719 Impossibile
1002 648 1163 719 namque
1192 624 1281 705 fore,
1312 622 1385 697 aie-

262 731 337 814 bat,
368 729 583 803 satisfacere
611 730 824 804 necessitati
853 746 891 803 et
918 731 1099 827 voluptati
1122 754 1194 801 non
1216 729 1381 801 obedire.

206 892 210 900 .
262 839 302 909 Α
309 836 518 908 bstz'nentz‘a.
577 835 697 935 Cocta
725 837 864 909 cibaria
882 838 943 910 vix
962 853 1027 910 aut
1046 835 1233 909 rarissime
1252 836 1384 909 admit-

262 944 375 1028 tebat,
397 943 560 1016 admissa
588 968 677 1016 vero
704 969 818 1040 saepe
837 961 901 1016 aut
921 943 1142 1017 conficiebat
1162 943 1296 1027 cinere,
1319 960 1384 1014 aut

160 1115 167 1130 ,
263 1050 490 1123 condimenti
519 1075 691 1146 saporem
720 1076 819 1146 aqua
848 1050 984 1149 frigida
1010 1048 1286 1148 exstinguebat.
1346 1050 1382 1123 O
1414 1080 1434 1145 5

262 1153 409 1253 quoties
445 1182 513 1253 per
550 1156 730 1229 mundum
768 1156 964 1231 ambulans
1004 1158 1053 1230 ad
1090 1156 1382 1252 praedicandum

261 1262 498 1361 evangelium
540 1262 624 1345 Dei,
656 1280 811 1336 vocatus
852 1264 901 1336 ad
943 1264 1138 1362 prandium
1177 1288 1200 1336 a
1236 1260 1383 1359 magnis

261 1368 498 1466 principibus¹
522 1371 585 1466 qui
615 1395 699 1442 eum
729 1369 823 1443 miro
847 1372 1122 1444 venerabantur
1149 1370 1293 1452 affectu,
1317 1396 1383 1466 gu·

260 1475 366 1550 statis
394 1501 595 1573 parumper
623 1478 806 1562 carnibus,
828 1494 984 1574 propter
1001 1475 1276 1550 observantiam
1301 1501 1383 1547 san·

261 1583 310 1655 cti
344 1582 551 1681 Evangelii,
584 1582 777 1679 reliquum,
810 1585 910 1680 quod
946 1585 1144 1657 comedere
1172 1583 1379 1660 videbatur.
1417 1612 1459 1659 10

260 1690 475 1787 deponebat
503 1690 538 1761 in
569 1688 662 1774 sinu,
685 1715 795 1761 manu
817 1691 870 1763 ori
890 1691 1063 1773 adducta,
1087 1717 1133 1763 ne
1153 1689 1236 1786 quis
1255 1706 1383 1786 posset

260 1796 495 1895 perpendere
523 1796 624 1893 quod
643 1797 793 1894 agebat.
851 1797 912 1869 De
931 1809 1023 1894 potu
1042 1798 1117 1870 vini
1138 1791 1227 1894 quid
1246 1795 1379 1881 dicam,

261 1930 344 1976 cum
374 1928 442 1976 nec
472 1903 590 2000 ipsam
618 1928 765 2004 aquam,
794 1904 981 1977 desiderio
1009 1904 1089 1976 sitis
1116 1919 1301 1984 aestuans,
1333 1903 1381 1974 ad

259 2009 519 2083 sufficientiam
548 2010 678 2083 bibere
705 2010 918 2105 pateretur?

343 2137 402 2208 52.
428 2118 589 2214 Somnus
606 2116 762 2188 sobrius.
820 2117 1045 2189 Accubitum
1062 2142 1151 2191 vero
1166 2143 1285 2198 suum,
1303 2116 1379 2187 ubi·
1415 2154 1454 2219 15

260 2249 334 2319 que
362 2239 536 2319 receptus
564 2224 735 2320 hospitio,
763 2223 870 2296 nullis
899 2224 1045 2296 sinebat
1072 2223 1285 2297 stramentis
1313 2249 1378 2295 seu

258 2329 425 2402 vestibus
453 2321 599 2426 operiri,
631 2330 698 2402 sed
729 2331 827 2402 nuda
857 2331 1002 2415 humus
1028 2329 1191 2403 tunicula
1219 2330 1379 2426 interpo-

258 2434 339 2521 sita,
362 2437 463 2510 nuda
490 2437 716 2534 suscipiebat
737 2440 923 2521 membra;
946 2463 1030 2511 cum
1051 2439 1279 2536 quandoque
1303 2462 1379 2510 cor·

258 2543 453 2641 pusculum
490 2570 599 2616 suum
628 2544 747 2617 somni
782 2544 966 2617 beneficio
1003 2562 1198 2627 recrearet,
1231 2545 1380 2642 saepius

258 2652 405 2736 sedens,
437 2676 506 2724 nec
534 2651 641 2723 aliter
668 2677 709 2724 se
738 2651 943 2748 deponens,
966 2652 1185 2736 dormiebat,
1210 2677 1277 2747 pro
1303 2677 1378 2724 cer·
1409 2687 1455 2734 20

256 2758 363 2831 vicali
384 2757 487 2856 ligno
507 2757 566 2830 vel
585 2758 709 2853 lapide
725 2774 843 2830 utens.
877 2758 973 2831 Cum
995 2758 1216 2832 comedendi
1237 2759 1378 2855 aliquid

256 2864 516 2948 sciscitaretur,
550 2882 589 2936 ut
619 2864 732 2937 moris
760 2881 828 2950 est,
859 2864 1059 2963 appetitus,
1083 2867 1145 2937 vix
1165 2864 1377 2961 acquiesce-

256 2972 320 3044 bat
340 2970 429 3043 illud
448 2970 687 3067 postmodum
709 2971 945 3044 manducare.
988 2974 1210 3068 [Perfectus]
1224 2973 1377 3044 sm'con·

255 3088 421 3174 temptus.
479 3077 628 3150 Accidit
663 3103 823 3173 namque
852 3079 1014 3174 quadam
1043 3080 1135 3162 vice,
1168 3105 1251 3152 cum
1281 3079 1376 3151 infir-

255 3185 383 3258 mitate
399 3201 576 3283 gravatus
590 3183 858 3280 aliquantulum
874 3185 1058 3282 pullorum
1074 3186 1239 3258 carnium
1255 3211 1376 3258 come·
1405 3219 1424 3264 2
1429 3221 1446 3285 5

254 3291 378 3374 disset,
402 3293 601 3388 resumptis
621 3308 823 3387 utcumque
850 3293 1016 3389 corporis
1044 3293 1183 3364 viribus
1212 3292 1376 3365 introivit

252 3397 385 3471 Assisii
423 3397 621 3471 civitatem.
680 3398 854 3494 Cumque
889 3399 1122 3496 pervenisset
1150 3400 1199 3471 ad
1227 3414 1374 3495 portam

253 3504 420 3583 civitatis.
453 3504 643 3602 praecepit
681 3505 829 3576 cuidam
859 3504 969 3589 sratri,
1001 3506 1063 3602 qui
1093 3532 1177 3577 cum
1206 3531 1252 3578 eo
1280 3522 1372 3588 erat,

253 3628 292 3683 ut
320 3611 445 3683 sunem
475 3610 570 3683 collo
598 3611 678 3684 eius
707 3611 842 3708 ligaret
869 3629 907 3684 et
936 3613 987 3684 sic
1017 3638 1101 3685 eum
1130 3612 1237 3708 quasi
1265 3612 1374 3684 latro·
1415 3615 1418 3621 ’

253 3744 337 3791 nem
375 3744 442 3814 per
470 3734 587 3791 totam
625 3716 813 3793 civitatem
850 3719 1024 3804 traheret,
1056 3745 1149 3791 voce
1178 3719 1374 3816 praeconis
1404 3750 1448 3815 30

322 3977 346 4015 2.
363 3964 396 4015 Os
409 3961 578 4015 necessitatis
593 3961 727 4032 voluptati
778 3961 970 4016 Orvoluntati
1042 3979 1068 4028 4.
1088 3962 1122 4014 W
1134 3981 1182 4017 om.
1199 3980 1280 4034 saepe
1328 3964 1376 4017 AS

250 4040 432 4097 confundebat
505 4038 528 4094 6.
552 4042 587 4095 Os
605 4053 679 4113 quot.
699 4042 831 4095 mundum
851 4042 1042 4111 perambulans
1117 4043 1140 4095 8.
1161 4044 1267 4096 Pmiro
1287 4042 1373 4096 modo

248 4139 274 4195 9.
286 4122 511 4177 Otobedientiam
592 4121 727 4176 iulium.
741 4122 893 4192 deponebat
905 4123 932 4174 in
946 4122 1005 4175 sinu
1046 4123 1080 4176 Os
1094 4122 1207 4177 abducta
1283 4123 1373 4193 1305

248 4204 311 4262 siti„
366 4202 520 4268 tal-loon
537 4215 681 4272 pateretur.
757 4201 918 4271 17.humus]
931 4203 961 4255 ti
971 4201 1128 4255 huiusmodi
1179 4202 1371 4266 AS,Rtunica

250 4299 291 4354 19.
307 4284 329 4336 P
343 4285 501 4353 saepissime
569 4298 610 4336 20.
626 4283 673 4347 05,
691 4283 747 4346 Ox,
762 4282 797 4347 P,
820 4282 853 4332 W
861 4282 1025 4335 dormitabat
1094 4298 1135 4352 2¹2.
1151 4283 1208 4346 AS,
1219 4283 1261 4347 H,
1276 4284 1320 4347 li,
1335 4283 1370 4344 P,

248 4365 460 4418 Rsuscitaretur
514 4365 549 4416 W
558 4362 700 4416 suscitaret
774 4378 814 4433 23.
835 4365 869 4415 W
880 4376 908 4415 ut
922 4362 985 4415 illud
1002 4382 1027 4434 p.
1045 4364 1220 4416 manducaret
1292 4364 1373 4431 27.P

247 4442 320 4497 Cum
394 4443 609 4514 29.Rom.eius
