3142 4875
617 413 721 463 nanu
750 411 935 462 rnnucfficr
1258 411 1335 478 419

1070 521 1334 530 ——--—-

304 648 387 718 162.
410 643 613 718 Nicholaus
632 644 783 741 quidam
800 645 846 718 de
863 646 1058 742 Fulgine0,
1076 672 1159 720 cum
1181 646 1337 720 haberet

218 778 302 825 crus
321 750 510 824 sinistrum
530 767 772 834 contractum,
796 751 909 825 nimio
929 751 1058 826 dolore
1077 769 1266 852 gravatus,
1288 753 1336 827 ad

217 859 511 955 recuperandam
532 857 724 955 pristinam
745 858 941 932 sanitatem
970 876 1074 932 tanta
1102 859 1281 956 expendit
1299 859 1335 933 in
1439 867 1441 871 ”

219 965 382 1049 medicis,
414 965 516 1061 quod
545 967 640 1039 ultra
667 964 763 1038 velle
791 990 835 1039 ac
871 991 981 1063 posse
1010 992 1051 1039 se
1080 965 1214 1039 debitis
1242 965 1337 1039 obli-

175 1090 190 1155 5
217 1071 331 1170 gavit.
388 1071 561 1145 Tandem
590 1097 832 1146 cumeorum
862 1070 1038 1145 auxilium
1068 1072 1104 1145 in
1134 1071 1233 1146 nullo
1267 1073 1336 1146 sibi

218 1179 367 1276 penitus
385 1178 614 1275 profecisset,
636 1178 766 1253 dolore
785 1196 862 1252 tam
887 1178 1050 1253 maximo
1069 1170 1282 1265 sauciatus,⁸
1299 1180 1334 1252 in

217 1301 362 1359 tantum
392 1286 493 1382 quod
518 1284 717 1384 geminatis
738 1284 961 1359 clamoribus
988 1286 1130 1360 vicinos
1159 1287 1206 1358 de
1227 1302 1336 1360 nocte
1437 1281 1439 1290 ⁴

219 1418 293 1465 non
314 1391 545 1484 permitteret
569 1391 793 1478 obdormire,
817 1417 958 1465 vovens
986 1419 1027 1467 se
1055 1393 1141 1467 Deo
1168 1409 1207 1466 et
1226 1394 1337 1467 beato

218 1499 429 1582 Francisc0‚
479 1498 566 1572 lecit
611 1523 651 1571 se
692 1498 740 1571 ad
781 1498 862 1571 eius
903 1501 1086 1574 tumulum
1133 1500 1332 1597 deportari.

152 1625 191 1670 10
220 1607 391 1702 Cumque
434 1631 502 1703 per
540 1620 688 1678 noctem
725 1631 837 1679 orans
874 1631 1000 1680 coram
1038 1606 1155 1692 sancti
1194 1605 1336 1679 tumulo

220 1727 436 1792 moraretur,
454 1727 612 1785 extenso
631 1737 747 1791 crure.
773 1738 914 1811 magno
929 1714 1155 1787 exhilaratus
1183 1712 1334 1811 gaudio

219 1820 298 1891 sine
326 1818 461 1893 baculo
489 1819 538 1892 ad
566 1818 716 1916 propria
744 1818 934 1893 remeavit.

306 1930 388 2019 163.
421 1926 517 1998 Puer
545 1951 640 2000 unus
667 1924 780 2000 etiam
809 1952 893 1998 crus
921 1926 1064 1999 habens
1091 1942 1334 2011 contractum,

221 2033 270 2105 ita
307 2031 408 2129 quod
436 2057 537 2129 genu
575 2033 655 2104 eius
691 2034 833 2128 pectori
870 2049 909 2105 et
936 2032 1150 2105 calcaneum
1190 2033 1336 2106 natibus

153 2159 190 2222 15
219 2138 451 2222 adhaereret,
483 2139 530 2212 ad
559 2139 769 2235 sepulcrum
806 2138 904 2212 beati
938 2140 1125 2212 Francisci
1154 2156 1332 2236 portatus,

220 2262 326 2342 patre
355 2245 470 2343 ipsius
498 2270 648 2318 carnem
677 2247 865 2342 propriam
899 2263 1112 2319 macerante
1140 2246 1260 2319 cilicio
1292 2271 1336 2319 ac

221 2369 339 2426 matre
367 2377 435 2451 pro
463 2353 545 2451 ipso
573 2377 614 2425 se
651 2352 815 2450 graviter
842 2351 1044 2452 affligente,
1075 2353 1185 2452 plena
1214 2369 1252 2427 et
1279 2379 1336 2425 su-

221 2460 296 2533 bita
325 2459 484 2533 sanitate
514 2459 709 2533 convaluit.

307 2572 389 2658 164.
422 2568 462 2639 In
491 2566 653 2640 Fanensi
673 2566 821 2639 civitate
842 2567 992 2662 quidam
1013 2584 1225 2641 contractus
1244 2584 1334 2653 erat,

149 2692 192 2739 20
221 2674 325 2747 cuius
362 2673 475 2747 tibiae
504 2673 689 2746 ulceribus
716 2673 851 2770 plenae
885 2673 1032 2747 natibus
1069 2675 1333 2757 adhaerebant,

221 2807 318 2877 quae
346 2796 490 2854 tantum
510 2779 736 2853 exhalabant
756 2779 948 2863 foetorem,
980 2781 1080 2877 quod
1110 2782 1336 2878 hospitalarii

221 2887 321 2960 nullo
350 2887 464 2960 modo
491 2912 576 2959 eum
611 2887 789 2960 volebant
816 2887 852 2960 in
882 2886 1054 2985 hospitali
1083 2887 1250 2984 recipere
1278 2889 1337 2960 vel

222 3011 361 3067 tenere.
420 2992 494 3089 Qui
532 2992 672 3066 meritis
708 2992 808 3066 beati
845 2993 960 3092 patris
996 2994 1194 3076 Francisci,
1233 2995 1337 3067 cuius

223 3100 512 3174 misericordiam
541 3099 735 3183 invocavit,
767 3124 809 3172 se
837 3101 948 3196 paulo
981 3117 1066 3198 post
1092 3102 1245 3199 gavisus
1281 3118 1339 3173 est

151 3223 190 3287 25
223 3207 430 3281 liberatum.

309 3319 389 3406 165,
423 3314 620 3408 Quaedam
649 3314 773 3412 puella
800 3314 1011 3413 Eugubina,
1035 3341 1120 3387 cum
1139 3314 1339 3387 contractis

225 3422 394 3494 manibus
423 3420 586 3494 omnium
625 3421 877 3495 membrorum
914 3422 1075 3495 officium
1104 3445 1172 3518 per
1198 3444 1337 3492 annum

223 3528 371 3625 penitus
399 3526 593 3611 amisisset,
612 3529 659 3602 ad
692 3528 936 3601 obtinendam
971 3528 1128 3625 gratiam
1158 3526 1336 3609 sanitatis,

225 3635 347 3706 nutrix
366 3635 447 3708 eius
467 3660 551 3707 cum
572 3634 735 3732 imagine
755 3660 863 3708 cerea
893 3636 1011 3732 ipsam
1039 3634 1087 3708 ad
1107 3632 1206 3706 beati
1227 3634 1340 3705 Fran·

152 3757 195 3823 30
224 3740 309 3814 cisci
329 3740 511 3814 tumulum
531 3741 751 3839 deportavit.
811 3742 982 3839 Cumque
1012 3741 1149 3813 ibidem
1170 3765 1236 3836 per
1255 3754 1341 3811 octo

223 3848 365 3921 dierum
386 3848 546 3945 spatium
563 3864 778 3933 moraretur,
796 3847 858 3920 die
874 3873 947 3922 una
966 3848 1017 3921 ita
1036 3845 1195 3944 propriis
1214 3846 1341 3918 usibus

223 3955 392 4028 restituta
416 3971 501 4027 sunt
520 3955 645 4028 omnia
674 3955 841 4027 membra
860 3954 949 4039 eius,
981 3955 1082 4051 quod
1110 3952 1158 4026 ad
1187 3950 1341 4050 pristina

224 4061 342 4135 officia
373 4061 509 4135 idonea
537 4061 646 4135 solita
673 4061 910 4134 haberentur.

310 4173 392 4240 166.
424 4168 532 4241 Alius
560 4193 711 4264 quoque
739 4193 833 4265 puer
858 4169 906 4242 de
934 4169 1065 4241 Monte
1094 4166 1224 4264 Nigro,
1253 4183 1341 4239 ante

153 4290 192 4356 35
224 4276 322 4349 lores
341 4273 521 4348 ecclesiae
543 4275 605 4347 ubi
625 4274 825 4370 requiescit
844 4301 979 4373 corpus
998 4275 1115 4349 sancti
1140 4274 1170 4346 F
1173 4271 1339 4355 rancisci,

223 4406 290 4478 per
318 4380 442 4479 plures
470 4382 551 4455 dies
579 4382 780 4465 decubans,
803 4384 890 4478 quia
920 4408 987 4456 nec
1017 4383 1068 4454 ire
1097 4396 1244 4478 poterat
1273 4405 1341 4452 nec

223 4488 366 4573 sedere,
389 4513 411 4562 a
430 4488 582 4587 cingulo
601 4488 700 4561 enim
720 4504 758 4562 et
781 4488 875 4562 inlra
903 4489 1076 4562 omnibus
1104 4502 1184 4560 erat
1202 4485 1343 4559 viribus
