3142 4875
264 316 339 364 XLII
690 313 972 363 PROLEGOMENA

331 537 369 603 In
395 538 536 603 comitiis
559 535 827 603 Narbonensibus
844 535 978 625 (1260),
998 537 1041 601 ait
1060 534 1276 625 Waddingus‚
1300 560 1395 626 roga-

182 692 185 697 ·
265 663 380 710 verunt
404 664 508 731 patres
531 661 680 710 sanctum
701 643 975 721 bonaventuram,
996 642 1180 710 ministrum
1196 645 1393 732 generalem,

271 768 334 815 aut
350 747 453 815 ablata
469 749 621 815 varietate
645 747 821 814 multarum
840 747 1062 835 legendarum,
1078 771 1119 814 ex
1135 746 1267 814 diversis
1292 748 1391 814 histo-

266 859 385 922 riarum
402 855 601 944 fragmentis,
614 877 696 943 quae
713 853 752 921 de
767 874 879 921 sancto
893 855 1062 921 Francisco
1075 854 1388 937 circumferebantur,

266 984 398 1050 gravem
423 983 453 1029 et
473 965 629 1029 sinceram
647 963 713 1050 ipse
728 964 936 1030 concinnaret
952 962 1118 1028 historiam
1130 962 1206 1028 ».(¹)
1253 964 1389 1029 Diversa

267 1070 354 1135 enirn
378 1089 468 1136 erant
490 1070 615 1157 scripta,
635 1068 691 1136 sed
716 1069 842 1136 nullum
862 1089 965 1136 totam
990 1071 1088 1135 vitam
1113 1069 1221 1136 Sancti
1245 1068 1391 1137 absolute

267 1174 443 1255 enarrabat,
468 1198 597 1242 necesse
622 1197 701 1264 ergo
725 1194 792 1243 erat
815 1178 925 1243 omnia
946 1175 1125 1263 fragmenta
1144 1178 1177 1242 in
1198 1200 1298 1242 unum
1326 1176 1392 1243 col·

266 1281 364 1369 ligere
382 1301 414 1348 et
433 1302 591 1369 coaptare,
611 1302 647 1349 ut
666 1282 834 1350 haberetur
854 1306 936 1370 opus
953 1284 1085 1348 unicum
1104 1281 1160 1347 sed
1181 1283 1391 1371 completum,

265 1388 353 1474 quod
378 1411 452 1455 vere
477 1386 536 1456 dici
562 1409 670 1477 posset
691 1388 857 1478 Legenda,
872 1413 928 1456 seu
949 1390 1087 1455 narratio
1113 1389 1276 1469 continua,
1293 1412 1391 1477 quam

266 1490 375 1560 fratres
399 1493 506 1581 legere
525 1495 667 1562 valerent
690 1513 757 1562 tam
776 1495 809 1561 in
834 1493 941 1562 officio
966 1493 1077 1561 divino
1101 1517 1197 1583 quatu
1221 1494 1256 1561 in
1280 1517 1393 1562 mensa

268 1603 490 1670 communi.(²)

333 1708 443 1795 Pergit
465 1708 649 1776 Annalista:
684 1708 844 1792 «Quibus
873 1708 946 1775 licet
975 1707 1173 1797 responderit
1197 1709 1301 1797 plures
1330 1708 1390 1776 sibi

267 1836 432 1901 superesse
457 1837 547 1881 curas
570 1814 680 1894 officii,
704 1837 802 1902 quam
820 1833 854 1882 ut
871 1813 909 1881 ad
934 1816 1015 1883 seria
1034 1815 1138 1883 studia
1161 1836 1270 1905 posset
1289 1834 1390 1883 atten-
1476 1812 1479 1823 ’

268 1920 353 2004 dere,
377 1921 507 1988 tandem
532 1922 736 2009 acquiescens
759 1922 793 1988 in
817 1945 851 1988 se
871 1924 1044 2010 assumpsit
1059 1946 1143 1989 onus
1163 1942 1251 2011 gesta
1267 1925 1316 1990 sui
1337 1924 1390 1989 In·

267 2028 421 2095 stitutoris
446 2028 641 2095 narrandi...
660 2027 847 2115 Legendam
869 2047 977 2095 autem
997 2029 1079 2095 hanc
1101 2029 1286 2116 compilavit
1303 2052 1391 2095 anno

267 2136 412 2222 sequenti
437 2134 573 2213 Parisiis,
600 2132 769 2223 (1260...
826 2134 920 2201 Hanc
947 2137 981 2200 in
1009 2134 1237 2223 compendium
1267 2133 1392 2223 redegit

271 2243 319 2306 vir
349 2259 488 2322 sanctus,
523 2238 562 2306 ad
593 2262 702 2327 preces
733 2238 903 2307 cuiusdam
931 2240 1072 2328 episcopi
1101 2239 1196 2321 Galli,
1225 2262 1307 2327 quae
1334 2241 1393 2306 Lc-

265 2347 361 2434 ganda
385 2350 482 2414 minor
506 2366 754 2434 nuncupatur...
802 2348 981 2436 Utramque
1006 2347 1183 2429 historiam,
1208 2347 1392 2437 longiorem

268 2473 299 2521 et
315 2453 506 2535 breviorem,
524 2453 639 2521 obtulit
656 2455 795 2521 triennio
811 2473 883 2541 post
900 2456 932 2520 in
950 2455 1089 2522 comitiis
1106 2455 1228 2520 Pisanis
1245 2452 1391 2521 fratribus

269 2558 415 2641 Ordinis,
438 2582 517 2648 quas
540 2579 722 2628 reverenter
745 2583 822 2626 curn
846 2563 1019 2647 gratiarum
1044 2561 1182 2641 actione,
1213 2562 1389 2648 suppressis

268 2664 335 2731 aliis
358 2665 535 2754 quibusque
560 2665 732 2755 legendis,
757 2665 998 2732 admiserunt».

336 2773 451 2838 Utrum
468 2795 515 2839 res
529 2774 571 2839 ita
590 2795 624 2839 se
644 2773 812 2839 habuerint
829 2796 966 2840 asserere
983 2795 1050 2839 non
1067 2771 1228 2855 auderem,
1245 2772 1389 2862 eoquod

267 2879 339 2946 talis
366 2882 550 2966 suppressio
578 2878 703 2946 decreta
731 2878 791 2946 luit
822 2880 855 2946 in
889 2880 1039 2968 Capitulo
1071 2879 1229 2947 celebrato
1264 2882 1389 2949 Parisiis

268 3007 355 3052 anno
380 2990 463 3053 1266
471 3007 479 3051 ε
502 2987 615 3054 «Item
631 2987 783 3074 praecipit
803 2986 952 3075 generale
973 2986 1146 3075 capitulum
1166 3012 1221 3077 per
1237 2988 1390 3055 obedien·

268 3093 345 3159 tiam
368 3093 456 3180 quod
474 3112 596 3160 ‘omnes
620 3092 792 3181 Legendae
816 3091 856 3159 de
882 3093 975 3159 beato
1000 3095 1170 3162 Francisco
1195 3096 1273 3162 olim
1289 3093 1390 3180 factae

268 3199 443 3280 deleantur,
461 3220 491 3266 et
508 3200 561 3268 ubi
578 3220 667 3267 extra
685 3200 833 3267 ordinem
850 3202 986 3268 inveniri
1005 3222 1166 3291 poterunt,
1182 3204 1264 3290 ipsas
1282 3201 1389 3267 lratres

267 3306 416 3374 studeant
426 3329 589 3389 amovere,
600 3331 673 3374 cum
684 3308 735 3374 illa
746 3307 882 3395 legenda
893 3331 975 3396 quae
985 3306 1067 3376 facta
1080 3327 1128 3376 est
1142 3331 1197 3396 per
1206 3307 1389 3396 generalem

268 3413 449 3482 ministrum
475 3414 566 3481 luerit
590 3415 761 3502 compilata
785 3434 880 3503 prout
902 3417 971 3503 ipse
995 3416 1106 3482 habuit
1129 3415 1168 3480 ab
1193 3437 1249 3481 ore
1275 3437 1390 3482 eorum

267 3522 421 3609 quicum
458 3521 551 3589 beato
586 3524 757 3589 Francisco
788 3523 879 3610 quasi
906 3545 1033 3610 semper
1067 3521 1185 3590 fuerint
1217 3541 1248 3588 et
1276 3541 1389 3589 cuncta

338 3773 380 3841 (1)
394 3773 504 3826 Annales
520 3774 659 3834 illitorum,
674 3790 736 3826 ann.
751 3773 805 3835 cit,
820 3789 846 3825 n.
866 3774 906 3826 18.
917 3802 951 3812 -
967 3795 980 3820 n
991 3772 1020 3824 lu
1034 3771 1188 3825 nullatenus
1202 3785 1388 3836 attentassem,

266 3862 318 3915 nIsi
338 3879 383 3914 me
403 3861 526 3914 Fratrum
547 3861 655 3916 fervens
674 3863 814 3916 incitasset
838 3860 960 3925 affectus,
985 3861 1116 3931 generalla
1135 3878 1244 3932 quoque
1269 3860 1389 3931 Capituli

267 3967 380 4004 concors
399 3952 548 4004 induxisset
567 3951 729 4005 instantia».
749 3952 869 4021 Prologus
886 3952 943 4027 Lag.
963 3953 1075 4004 maioris.

339 4042 380 4108 (2)
401 4040 494 4094 Codex
519 4041 664 4095 Vaticanus
683 4057 753 4112 7570
772 4054 932 4112 sequentem
946 4042 1055 4112 praebet
1071 4040 1261 4094 monitionem:
1285 4040 1389 4094 «Haec

267 4131 353 4182 maior
369 4130 432 4194 vita,
447 4131 503 4182 sive
518 4129 632 4201 legenda
647 4131 717 4184 beati
731 4130 749 4182 F
753 4131 876 4193 taurisci,
892 4146 941 4200 pro
957 4129 1140 4182 aedificatIone
1152 4128 1274 4192 fratrum,
1287 4127 1314 4181 in
1328 4128 1390 4182 loco

266 4214 389 4290 quolibet
407 4221 539 4272 habeatur
556 4234 583 4272 et
602 4234 691 4290 potest
710 4219 763 4288 legi
782 4219 816 4271 ad
837 4235 961 4272 mensam
977 4236 1025 4289 per
1043 4230 1129 4271 totam
1146 4229 1273 4271 octavam
1293 4215 1389 4270 natalis

266 4307 337 4359 beati
345 4306 489 4361 Francisci.
513 4307 604 4361 Minor
614 4321 704 4361 autem
716 4308 841 4375 legenda,
851 4324 920 4378 quae
930 4307 962 4360 de
974 4309 1025 4360 hac
1036 4322 1163 4378 excerpta
1175 4320 1224 4372 est,
1234 4306 1298 4376 poni
1309 4307 1390 4361 debet

266 4396 295 4448 In
306 4394 379 4448 librIs
387 4396 542 4450 choralibus
550 4438 555 4449 .
563 4437 582 4451 ..
595 4416 619 4461 »;
630 4397 658 4449 S.
670 4396 911 4451 Bouavaurunar.
919 4397 1002 4467 Opera
1010 4399 1103 4461 omnr'a,
1113 4409 1131 4449 r.
1139 4396 1215 4462 VIII,
1226 4415 1250 4467 p.
1262 4410 1388 4450 rxxttvu.
