3142 4875
596 369 874 420 PROLEGOMENA
1168 373 1295 422 xxxvu

168 591 309 659 vobis...
332 590 507 673 secundus,
524 591 673 659 videlicet
691 592 908 673 Massiliensis,
928 612 1049 681 partem
1071 593 1203 661 huiusce
1223 616 1296 683 pro·

170 699 238 786 logi
259 698 400 765 exhibet.

239 805 404 872 Chronica
420 805 516 871 citata
540 804 617 872 dum
641 805 780 874 referunt
800 807 839 874 de
859 806 991 873 Thoma
1015 806 1102 895 quod
1123 809 1295 894 «primum

172 928 341 977 tractatum
374 909 606 997 compilavit»,
638 911 719 977 clare
746 911 889 978 indicant
917 911 979 977 hoc
1005 911 1186 979 secundum
1215 935 1297 1000 opus

172 1015 296 1083 duabus
316 1014 458 1103 partibus
483 1035 638 1096 constare,
656 1036 688 1083 et
706 1017 749 1082 ita
764 1039 834 1083 esse
852 1016 1046 1099 videbimus;
1066 1017 1122 1084 sed
1146 1019 1186 1084 ad
1211 1041 1298 1106 prae·

173 1146 248 1189 sens
273 1121 433 1211 deprimo
453 1140 587 1189 tractatu
608 1122 780 1190 dicendum
798 1142 855 1202 est,
872 1127 939 1213 qui,
960 1145 994 1191 ut
1013 1123 1196 1213 specificent
1214 1126 1298 1193 dicta

175 1230 351 1308 Chronica,
370 1249 436 1297 erat
461 1228 500 1295 de
518 1231 582 1295 vita
599 1229 706 1297 Sancti
731 1250 761 1297 et
777 1229 819 1297 de
843 1230 945 1297 verbis
966 1253 997 1297 et
1012 1232 1194 1299 intentione
1217 1234 1298 1298 circa

175 1360 212 1403 ea
235 1358 318 1424 quae
334 1336 493 1423 pertinent
513 1334 553 1401 ad
576 1335 731 1423 regulam.
779 1337 880 1403 Porro
902 1338 927 1402 si
954 1336 1132 1424 Prologum
1160 1337 1299 1426 legimus

176 1443 255 1509 ltaec
271 1443 470 1509 invenimus:
490 1467 505 1506 a
520 1442 675 1509 Continet
690 1444 721 1510 in
735 1443 845 1532 primis
858 1444 920 1510 hoc
933 1444 1124 1532 opusculum
1140 1442 1298 1533 quaedam

175 1550 398 1616 conversionis
429 1547 549 1637 (sancti
585 1549 759 1639 francisci)
796 1550 878 1617 lacta
910 1549 1110 1618 mirifica...
1171 1553 1299 1619 Dehinc

176 1679 254 1724 vero
271 1657 450 1744 exprimere
465 1654 674 1738 intendimus,
698 1678 729 1724 et
753 1657 897 1746 vigilanti
912 1658 1020 1726 studio
1045 1659 1202 1727 declarare
1217 1680 1299 1747 quae

175 1764 369 1832 sanctissimi
402 1763 507 1851 patris,
532 1783 597 1830 tam
623 1766 655 1831 in
679 1788 724 1844 se,
748 1788 846 1853 quam
870 1767 902 1831 in
926 1769 1004 1840 suis,
1034 1765 1128 1833 fuerit
1152 1768 1301 1834 voluntas

176 1872 272 1953 bona,
302 1870 513 1957 beneplacens
538 1889 569 1937 et
593 1869 731 1958 perfecta
762 1873 794 1937 in
819 1873 909 1938 omni
934 1875 1086 1940 exercitio
1118 1869 1314 1961 disciplinae

176 1977 331 2054 caelestis,
347 1997 378 2043 et
402 1999 549 2043 summae
573 1975 776 2064 perfectionis
800 1977 919 2060 studio,
935 1979 1023 2067 quod
1047 2003 1175 2067 semper
1191 1980 1301 2047 habuit

176 2085 262 2175 apud
280 2085 388 2152 Deum
403 2085 434 2151 in
448 2086 543 2151 sacris
557 2084 731 2167 affectibus,
748 2104 780 2152 et
796 2086 880 2173 apud
894 2085 1044 2153 homines
1060 2089 1090 2153 in
1105 2087 1299 2174 exemplis».

245 2191 324 2259 ldeo
349 2189 503 2277 Legenda
529 2190 669 2266 secunda
695 2213 818 2258 constat
842 2191 965 2259 duabus
989 2193 1139 2280 partibus,
1164 2215 1299 2281 quarum

178 2300 291 2387 prima,
310 2299 359 2386 (in
381 2296 492 2364 codice
515 2297 683 2364 Assisiensi
708 2297 823 2366 dicitur
841 2300 1022 2389 porticula),
1047 2319 1094 2367 est
1118 2297 1157 2367 de
1182 2300 1245 2367 vita
1269 2319 1301 2365 et

179 2407 393 2476 conversione
413 2405 533 2486 Sancti,
550 2424 582 2473 et
601 2405 644 2473 illi
660 2407 720 2473 soli
738 2406 925 2495 applicanda
942 2428 1016 2475 sunt
1032 2407 1127 2476 verba
1146 2407 1299 2475 Thomae

178 2514 343 2583 scribentis
372 2512 413 2581 ibi
439 2515 554 2580 narrati
585 2512 665 2582 facta
695 2516 861 2602 «quaein
886 2514 1046 2601 Legendis
1072 2514 1195 2583 dudum
1223 2536 1302 2581 con-

179 2622 268 2690 fectis
299 2642 365 2687 non
393 2617 522 2686 fuerunt
552 2622 697 2708 apposita
727 2622 883 2709 quoniam
914 2620 953 2687 ad
986 2622 1123 2687 auctoris
1152 2621 1300 2687 notitiam

180 2728 315 2795 minime
335 2743 549 2814 pervenerunt
562 2752 577 2788 n
586 2728 638 2802 .<¹)¹
676 2725 825 2793 Secunda
840 2748 911 2814 pars
932 2749 1019 2807 veto,
1038 2732 1174 2814 primam
1191 2746 1302 2794 exten-

179 2837 272 2902 sione
301 2833 393 2901 valde
427 2855 591 2920 superans,
616 2833 751 2920 plutima
775 2832 856 2900 facta
875 2833 1048 2921 singularia
1076 2854 1191 2914 narrat,
1220 2856 1303 2920 quae

179 2964 257 3009 sane
283 2941 420 3006 multum
446 2935 616 3005 conferunt
638 2938 677 3005 ad
701 2939 902 3007 voluntatem
933 2941 1050 3006 bonam
1075 2958 1107 3005 et
1130 2938 1302 3026 perfectam

181 3050 291 3117 Sancti
308 3045 573 3135 dignoscendam.
622 3044 718 3125 Quae
731 3070 801 3134 pars
815 3070 967 3135 magnam
983 3046 1110 3134 praebet
1130 3045 1303 3114 conformi·

183 3177 281 3224 tatem
298 3176 372 3222 cum
389 3154 509 3242 Speculo
524 3155 719 3244 perfectionis,
736 3154 821 3221 unde
841 3156 926 3221 illam
947 3156 1087 3222 indicare
1104 3177 1170 3220 non
1191 3153 1304 3221 dubito

183 3281 363 3349 excerptam
381 3284 398 3326 e
415 3261 539 3348 scriptis
555 3260 738 3342 Sociorum,
754 3284 894 3348 quorum
914 3264 946 3328 in
963 3260 1126 3348 praedicto
1149 3259 1231 3327 libro
1248 3259 1303 3325 ha·

184 3371 298 3436 bemus
310 3365 500 3456 fragmenta.
548 3367 609 3432 Per
624 3365 758 3432 modum
778 3366 945 3454 legendae,
966 3369 1186 3433 continuatam
1204 3366 1303 3432 histo·

184 3479 263 3542 riam
286 3472 465 3562 sequend0‚
482 3494 550 3539 non
574 3473 729 3551 scribitur,
754 3474 810 3540 sed
838 3473 896 3540 sub
922 3474 1051 3539 diversis
1075 3472 1205 3539 rubricis
1234 3496 1304 3539 nar·

184 3600 292 3649 rantur
310 3579 392 3646 lacta
408 3578 552 3646 eiusdem
571 3580 697 3666 speciei,
713 3603 795 3667 quae
813 3580 943 3645 diversis
962 3579 1039 3646 locis
1060 3599 1092 3645 et
1106 3579 1304 3667 temporibus

185 3707 371 3755 evenerunt.
428 3686 511 3753 Huic
535 3689 704 3773 praecipue
726 3687 878 3753 convenit
901 3687 1009 3754 titulus
1033 3710 1131 3773 quem
1157 3686 1304 3752 Thomas

186 3796 272 3883 operi
287 3793 458 3880 imposuit:
474 3792 652 3859 Meritorinle
669 3793 747 3858 beati
765 3792 918 3858 francisci
934 3795 965 3858 in
977 3793 1118 3858 desiderio
1136 3792 1305 3868 arzianae),

187 3902 237 3967 cui
253 3898 471 3968 etiamalludit
486 3901 518 3966 iu
534 3900 667 3966 lnttoitu
682 3899 722 3965 ad
734 3898 820 3964 illam
834 3898 1008 3965 secundam
1021 3919 1153 3987 partem.
1185 3901 1307 3964 Auctor

185 4032 265 4096 opus
278 4008 415 4075 absolvit
431 4006 585 4077 nonnulla
602 4029 687 4072 nova
702 4005 862 4073 narrando
887 4006 925 4072 de
946 4007 1077 4072 transitu
1096 4005 1178 4072 beati
1196 4006 1305 4071 Patris.

255 4187 297 4257 (r)
319 4187 416 4250 Quum
437 4184 504 4239 haec
523 4187 605 4238 verba
625 4184 725 4255 legunt,
745 4202 855 4239 summo
875 4186 973 4254 gaudio
989 4184 1156 4253 triumphant
1177 4182 1201 4234 T
1204 4183 1306 4236 hornae

186 4274 361 4335 detractores,
381 4273 445 4325 huic
471 4273 633 4326 confessioni
654 4273 857 4341 generalitatem
876 4290 957 4343 quarn
977 4290 1032 4324 non
1053 4271 1132 4325 insert
1151 4272 1307 4324 tribuentes.

256 4364 298 4435 (2)
320 4362 455 4416 «Nomen
474 4374 552 4414 tuum
572 4376 598 4414 et
610 4362 764 4416 memoriale
784 4375 860 4416 tuum
881 4363 907 4413 in
922 4361 1057 4414 desiderio
1071 4360 1212 4423 animae»,
1234 4359 1308 4423 lsnr,

186 4449 284 4516 XXVI,
303 4450 328 4505 8.
