3142 4875
250 291 326 362 280
624 314 797 365 nncsunn
824 315 991 368 sscunnn

244 575 285 622 se
314 548 504 647 Episcopo
531 564 664 632 terrae,
687 563 822 646 petens
849 550 897 622 ab
927 573 973 622 eo
1001 547 1188 622 licentiam
1217 548 1366 646 praedi-

246 655 365 729 candi.
438 655 508 730 Cui
537 655 772 752 Episcopus:
804 654 959 740 Sufficit,
996 655 1119 741 irater,
1152 655 1252 754 quod
1290 681 1365 754 ego

242 762 457 861 praedicem
477 762 617 860 populo
637 787 733 835 meo.
791 762 910 835 Flexo
930 762 1051 860 capite
1071 778 1222 836 sanctus
1247 763 1365 835 Fran-

243 870 365 943 ciscus
402 869 589 942 humiliter
617 870 716 942 foras
744 868 947 967 egreditur,
979 895 1023 942 ac
1051 884 1140 967 post
1178 870 1363 942 modicam

243 978 373 1050 horam
402 976 613 1075 regreditur
642 976 749 1049 iutro,
809 976 879 1050 Cui
908 976 1134 1073 Episcopus:
1165 976 1267 1071 Quid
1295 974 1360 1059 vis,
1396 1004 1416 1070 5

243 1083 378 1157 frater?
435 1083 536 1178 Quid
574 1083 706 1156 iterum
744 1082 917 1180 quaeris?
973 1083 1023 1155 Et
1050 1084 1183 1156 beatus
1216 1083 1365 1156 Franci-

243 1213 348 1265 scus:
377 1189 552 1273 Domine,
575 1189 604 1262 si
637 1190 776 1288 [p]ater
804 1189 917 1262 filium
949 1215 1022 1262 uno
1052 1190 1231 1287 repulerit
1253 1189 1362 1275 ostio,

242 1298 316 1372 alio
349 1294 418 1369 sibi
448 1297 703 1370 reintrandum
738 1313 805 1369 est.
864 1295 1083 1370 Humilitate
1121 1297 1241 1370 victus
1278 1296 1365 1393 Epi·

242 1429 379 1501 scopus
407 1402 519 1477 alacri
548 1403 651 1477 vultu
680 1403 938 1500 complexatur
966 1429 1063 1488 eum,
1095 1420 1133 1476 et
1161 1404 1268 1477 dicit:
1290 1402 1362 1488 Tu,

241 1526 280 1584 et
310 1536 441 1584 omnes
469 1510 602 1583 fratres
628 1511 681 1583 tui
711 1512 758 1583 de
787 1526 937 1583 caetero
966 1510 1001 1583 in
1031 1510 1250 1608 episcopatu
1279 1535 1365 1584 meo
1400 1536 1441 1583 10

241 1616 409 1715 generali
429 1642 513 1690 mea
540 1618 690 1691 licentia
717 1618 953 1715 praedicetis,
975 1617 1152 1716 quoniam
1182 1618 1280 1691 istud
1300 1617 1365 1689 hu·

244 1723 380 1798 militas
408 1742 537 1798 sancta
566 1724 781 1822 promeruit.

669 1940 933 1949 ....—.-—--

249 2150 322 2248 [De
349 2150 565 2222 humilitate
594 2151 714 2245 ipsius
740 2151 794 2223 ad
818 2163 987 2224 sanctum
1015 2153 1258 2224 Dominicum
1287 2163 1366 2225 ete

310 2291 488 2349 converso,
509 2277 543 2338 et
570 2276 702 2338 mutua
729 2266 912 2340 charitate
942 2268 1136 2366 ipsorum}
1195 2267 1294 2340 CIX.

280 2569 283 2572 ἡ
329 2481 412 2569 148.
445 2478 484 2551 ln
515 2478 616 2551 Urbe
645 2504 729 2551 curn
759 2478 913 2552 domino
941 2480 1119 2567 Ostiensi,
1141 2482 1204 2579 qui
1232 2498 1365 2579 postea
1400 2514 1440 2579 15

244 2586 420 2657 Summus
440 2585 612 2658 Pontifex
636 2586 713 2669 luit,
737 2585 835 2658 clara
855 2586 916 2660 illa
943 2587 1140 2661 luminaria
1159 2589 1260 2662 orbis
1279 2590 1366 2662 ade·

243 2709 336 2776 rant,
359 2709 511 2765 sanctus
539 2691 760 2765 Dominicus
779 2710 818 2765 et
844 2710 995 2766 sanctus
1024 2694 1256 2768 Franciscus.
1314 2696 1365 2769 Et

244 2825 328 2871 cum
359 2798 533 2871 melliflua
559 2799 721 2872 vicissim
741 2801 789 2872 de
809 2799 895 2873 Deo
924 2817 1147 2886 eructarent,
1164 2801 1259 2875 dixit
1286 2818 1365 2876 tau·

243 2908 329 2979 dem
359 2905 570 3004 Episcopus
599 2906 682 2979 illis:
714 2906 754 2979 In
783 2906 954 2980 Ecclesia
977 2906 1164 3004 primitiva
1193 2925 1364 3006 pastores

242 3011 435 3086 Ecclesiae
463 3039 649 3110 pauperes
677 3030 795 3097 erant,
817 3029 856 3086 et
883 3014 1054 3086 homines
1083 3015 1264 3089 charitate
1289 3043 1363 3090 non
1395 3046 1441 3093 20

243 3119 446 3218 cupiditate
483 3122 680 3193 ferventes.
739 3120 825 3205 Cur,
858 3121 986 3217 inquit,
1020 3147 1094 3194 non
1127 3123 1283 3196 iacimus
1316 3125 1364 3197 de

242 3227 376 3299 vestris
414 3227 586 3299 iratribus
621 3228 821 3324 episcopos
848 3245 887 3301 et
922 3229 1118 3325 praelatos
1152 3231 1215 3325 qui
1252 3229 1364 3303 docu-

243 3351 369 3407 mento
402 3348 440 3406 et
477 3333 651 3430 exemplo
689 3332 846 3407 caeteris
882 3334 1123 3431 praevalent?
1179 3336 1239 3409 Fit
1269 3339 1365 3410 inter

242 3456 393 3514 sanctos
412 3441 459 3514 de
479 3441 743 3538 respondendo
772 3440 974 3526 contenti0,
994 3445 1102 3538 [non]
1133 3443 1364 3541 praeripien-

242 3549 341 3620 tibus
370 3548 437 3620 sed
466 3547 717 3631 offerentibus
749 3549 838 3644 quin
876 3547 990 3620 immo
1018 3575 1101 3622 sese
1140 3551 1363 3648 cogentibus
1394 3582 1439 3648 25

242 3656 290 3727 ad
319 3680 553 3751 responsum.
611 3654 804 3751 Siquidem
843 3670 1000 3751 uterque
1037 3655 1139 3753 prior
1167 3673 1248 3730 erat
1275 3656 1363 3730 alte-

241 3763 327 3845 rius,
348 3762 470 3857 [dum]
503 3780 660 3857 uterque
679 3763 840 3834 devotus
859 3762 895 3834 in
916 3764 1084 3836 alterum.
1143 3762 1242 3837 Vicit
1268 3765 1363 3863 ta[n-

241 3869 345 3963 dem]
378 3868 563 3941 humilitas
592 3868 833 3942 Franciscum
854 3896 901 3942 ne
925 3895 965 3941 se
995 3888 1255 3967 praeponeret,
1275 3870 1364 3944 vicit

242 3992 279 4047 et
308 3976 549 4048 Dominicum
579 3991 618 4049 ut
646 3975 748 4072 prius
776 3977 1042 4073 respondendo
1071 3977 1259 4050 humiliter
1277 3979 1363 4051 obe·

242 4083 347 4156 diret.
419 4083 670 4180 Respondens
707 4110 802 4181 ergo
838 4085 971 4156 beatus
1008 4084 1230 4157 Dominicus
1270 4084 1364 4157 dixit
1395 4115 1438 4180 30

313 4310 337 4361 7.
357 4294 382 4346 A
407 4293 487 4346 frater
596 4310 637 4349 21.
663 4293 810 4364 ferventes]
836 4296 856 4349 R
879 4295 1026 4348 servientes
1136 4310 1177 4361 24.
1197 4295 1265 4365 non]
1285 4296 1310 4349 A
1334 4312 1363 4349 se

245 4387 285 4438 27.
305 4373 380 4441 dum]
401 4375 426 4425 A
446 4375 516 4426 unde
590 4375 683 4443 27-28.
702 4375 727 4428 A
748 4388 841 4427 tamen
