3142 4875
598 359 690 409 ΒΕΑΤ
692 359 703 407 Ι
731 357 917 408 FRANCISCI
1243 356 1316 424 233

197 611 316 666 team:
334 616 408 664 una
428 592 515 664 loris
536 607 574 662 et
592 589 691 668 intus
709 591 853 687 absque
873 588 1002 663 loculis
1029 590 1211 686 professio
1240 614 1320 684 cry-

199 698 404 771 stallinam:
427 698 545 771 finalis
564 698 843 794 perseverantia
858 698 1026 770 ferream.
1076 695 1173 768 Huic
1193 710 1318 768 autem

200 804 415 903 praeclarae
443 804 618 877 dominae
649 804 863 876 mantellum
883 803 1075 876 sordidum
1104 803 1317 875 animalium

201 911 394 984 hominum
422 911 609 1007 reputatio
646 910 774 983 texuit.
846 911 975 982 Plures
1002 909 1191 982 oraculum
1221 908 1319 983 istud

152 1047 171 1111 5
201 1018 373 1116 religioni
412 1033 600 1113 coaptant,
640 1018 916 1089 successionem
935 1057 944 1074 ·
960 1032 1170 1113 temporum
1189 1067 1192 1070 -
1208 1040 1318 1088 cursu

201 1124 371 1197 Danielis
395 1140 608 1219 sequentes.
667 1120 740 1200 Sed
768 1123 816 1196 ad
846 1145 990 1219 patrem
1018 1125 1206 1219 pertinere
1235 1122 1321 1194 binc

203 1231 364 1304 maxime
393 1229 518 1326 liquet,
541 1231 642 1325 quod
665 1231 919 1327 arrogantiam
939 1229 1059 1301 vitans
1087 1226 1321 1326 interpretari

201 1337 350 1436 penitus
371 1337 497 1409 noluit.
557 1337 604 1408 Et
633 1337 784 1432 quidem
814 1336 843 1410 si
872 1335 1047 1408 stillasset
1070 1336 1118 1409 ad
1138 1335 1318 1416 ordinem,

203 1470 278 1519 non
308 1461 410 1517 muto
438 1443 586 1516 silentio
615 1443 886 1538 pertransisset.

132 1854 172 1901 10
264 1837 333 1908 De
371 1835 772 1932 eo[mpa]ssione
809 1833 968 1906 sancti
1006 1831 1260 1905 Francisci

563 1968 618 2040 ad
653 1991 906 2063 pauperes,

206 2181 280 2278 [De
297 2180 540 2275 compassione
557 2205 669 2274 quam
691 2179 745 2248 aa'
754 2186 939 2273 pauperes
958 2175 1092 2247 habuit
1109 2185 1143 2245 et
1160 2173 1328 2269 qualiter

407 2321 443 2366 se
462 2293 754 2389 pauperioribus
783 2290 997 2388 z'reae'a'ebat]⁴
1056 2290 1120 2367 Ll.

287 2509 348 2600 83.
379 2507 451 2579 llic
479 2506 535 2578 vir
562 2521 726 2602 quantae
755 2504 1025 2600 compassionis
1057 2503 1104 2575 ad
1138 2528 1325 2599 pauperes

139 2644 149 2688 r
159 2646 176 2709 5
206 2614 326 2696 luerit,
345 2612 575 2708 quaevaleat
590 2612 719 2710 lingua
735 2610 910 2684 narrare?
966 2610 1064 2682 Sane
1085 2609 1322 2682 clementiam

208 2721 370 2792 babebat
394 2718 611 2816 ingenitam,
632 2744 746 2815 quam
769 2718 1004 2813 superinsusa
1023 2716 1143 2813 pietas
1163 2715 1324 2813 duplica-

206 2828 280 2899 bat.
339 2827 469 2922 ltaque
504 2826 735 2922 liquescebat
767 2826 914 2897 animus
943 2823 1131 2896 Francisci
1159 2824 1207 2895 ad
1237 2849 1325 2918 pau·

207 2958 327 3028 peres,
353 2951 390 3004 et
419 2932 553 3028 quibus
582 2957 655 3003 non
686 2948 834 3027 poterat
862 2955 1022 3012 manum,
1046 2930 1249 3002 exhibebat
1276 2930 1326 3001 as-

208 3041 354 3112 sectum.
428 3038 620 3135 Quidquid
658 3037 836 3120 delectus,
869 3036 1049 3133 quidquid
1082 3036 1260 3133 penuriae
1288 3035 1325 3108 in

136 3176 179 3222 20
208 3171 396 3241 quoquam
426 3147 613 3230 cernebat,
645 3144 771 3216 reduci
806 3160 930 3215 mente
959 3168 1002 3215 ac
1032 3142 1141 3215 celeri
1171 3168 1327 3215 conver-

208 3254 311 3324 sione
341 3252 540 3349 regerebat
577 3251 612 3323 in
652 3250 853 3323 Christum.
919 3248 980 3323 Sic
1009 3249 1122 3322 filium
1152 3248 1327 3346 pauperis

207 3357 396 3432 Dominae
410 3360 562 3455 legebat
581 3358 617 3430 in
637 3357 866 3454 pauperibus
881 3356 1034 3442 cunctis,
1053 3357 1192 3428 nudum
1213 3357 1327 3428 corde

208 3491 346 3563 gerens
365 3491 477 3562 quem
498 3464 557 3537 illa
578 3466 718 3537 nudum
747 3465 783 3535 in
813 3464 994 3536 manibus.
1051 3463 1105 3535 At
1133 3488 1222 3535 vero
1243 3487 1326 3534 cum

208 3597 357 3643 omnem
396 3597 419 3644 a
454 3597 493 3643 se
512 3572 738 3668 relegasset
770 3571 956 3654 invidiam,
989 3570 1067 3641 sola
1096 3595 1222 3641 carere
1253 3594 1327 3641 non

135 3710 177 3774 25
208 3679 329 3775 potuit
348 3676 486 3751 invidia
505 3679 745 3774 paupertatis.
799 3677 838 3750 Si
858 3677 1043 3773 qu[ando]
1067 3675 1327 3772 pauperiorem

209 3811 249 3857 se
278 3784 359 3880 ipso
387 3786 541 3861 videret,
564 3783 732 3881 protinus
765 3784 964 3868 invidebat,
997 3803 1034 3854 et
1062 3781 1208 3855 aemula
1236 3808 1329 3877 pau·

208 3906 354 3987 pestate
382 3908 603 3965 concertans
630 3891 727 3964 vinci
756 3918 797 3963 se
827 3891 981 3963 timebat
1010 3889 1046 3962 in
1076 3888 1148 3961 illo.

291 4000 350 4089 84.
368 3997 517 4070 Accidit
536 3998 597 4070 die
618 3999 789 4093 quadam,
814 4024 898 4069 cum
913 3995 1166 4094 praedicando
1180 3995 1237 4065 vir
1255 3994 1328 4067 Dei

208 4104 442 4188 discurreret,
456 4103 723 4203 pauperculum
744 4104 945 4201 quemdam
966 4103 1116 4176 obvium
1133 4102 1272 4175 babere
1293 4102 1330 4175 in

285 4330 305 4368 1.
323 4316 355 4368 ,ll
367 4333 416 4367 om.
430 4315 529 4386 absque
545 4312 640 4366 loculis
713 4311 736 4365 6.
755 4311 902 4382 pertinere]
914 4312 934 4365 R
946 4313 1098 4382 pertrahere
1176 4325 1215 4363 10.
1229 4313 1253 4364 A
1268 4328 1332 4364 con-

209 4392 326 4447 fessione
403 4410 495 4448 10·11.
516 4395 548 4446 M
564 4412 612 4445 our.
687 4408 727 4459 ²5·
749 4392 871 4463 quando]
891 4396 915 4445 Α
935 4393 1044 4463 quidem
