<?xml version="1.0" encoding="UTF-8"?>
<!DOCTYPE html PUBLIC "-//W3C//DTD XHTML 1.0 Transitional//EN"
    "http://www.w3.org/TR/xhtml1/DTD/xhtml1-transitional.dtd">
<html xmlns="http://www.w3.org/1999/xhtml" xml:lang="en" lang="en">
 <head>
  <title>
</title>
<meta http-equiv="Content-Type" content="text/html;charset=utf-8" />
  <meta name='ocr-system' content='tesseract 3.04.00' />
  <meta name='ocr-capabilities' content='ocr_page ocr_carea ocr_par ocr_line ocrx_word'/>
</head>
<body>
  <div class='ocr_page' id='page_1' title='image "./sfrancisciassis00dogoog_0441.png"; bbox 0 0 3142 4875; ppageno 0'>
   <div class='ocr_carea' id='block_1_1' title="bbox 607 338 1322 410">
    <p class='ocr_par' dir='ltr' id='par_1_1' title="bbox 607 338 1322 410">
     <span class='ocr_line' id='line_1_1' title="bbox 607 338 1322 410; baseline 0.018 -16"><span class='ocrx_word' id='word_1_1' title='bbox 607 346 710 395; x_wconf 70' lang='lat' dir='ltr'><strong>narn</strong></span> <span class='ocrx_word' id='word_1_2' title='bbox 741 346 924 396; x_wconf 73' lang='lat' dir='ltr'><strong>rnnxcrscr</strong></span> <span class='ocrx_word' id='word_1_3' title='bbox 1250 338 1322 410; x_wconf 84' lang='lat'><strong>345</strong></span> 
     </span>
    </p>
   </div>
   <div class='ocr_carea' id='block_1_2' title="bbox 207 453 824 461">
    <p class='ocr_par' dir='ltr' id='par_1_2' title="bbox 207 453 824 461">
     <span class='ocr_line' id='line_1_2' title="bbox 207 453 824 461; baseline 0.002 -1"><span class='ocrx_word' id='word_1_4' title='bbox 207 453 249 460; x_wconf 72' lang='lat' dir='ltr'>u—--</span> <span class='ocrx_word' id='word_1_5' title='bbox 256 454 337 460; x_wconf 71' lang='lat'><strong>----</strong></span> <span class='ocrx_word' id='word_1_6' title='bbox 353 455 824 461; x_wconf 76' lang='lat'>-.—.-.-....-——-.-.—.-———-.--.</span> 
     </span>
    </p>
   </div>
   <div class='ocr_carea' id='block_1_3' title="bbox 136 577 1409 4309">
    <p class='ocr_par' dir='ltr' id='par_1_3' title="bbox 136 577 1409 4309">
     <span class='ocr_line' id='line_1_3' title="bbox 207 577 1323 677; baseline 0.001 -28"><span class='ocrx_word' id='word_1_7' title='bbox 207 577 286 675; x_wconf 89' lang='lat' dir='ltr'><strong>ipsa</strong></span> <span class='ocrx_word' id='word_1_8' title='bbox 321 604 433 651; x_wconf 92' lang='lat' dir='ltr'><strong>carne</strong></span> <span class='ocrx_word' id='word_1_9' title='bbox 460 579 654 677; x_wconf 87' lang='lat' dir='ltr'><strong>surgentia</strong></span> <span class='ocrx_word' id='word_1_10' title='bbox 688 605 838 652; x_wconf 91' lang='lat' dir='ltr'><strong>carnem</strong></span> <span class='ocrx_word' id='word_1_11' title='bbox 867 578 1047 675; x_wconf 89' lang='lat' dir='ltr'><strong>reliquam</strong></span> <span class='ocrx_word' id='word_1_12' title='bbox 1078 578 1323 651; x_wconf 83' lang='lat' dir='ltr'><strong>excedebant.</strong></span> 
     </span>
     <span class='ocr_line' id='line_1_4' title="bbox 206 684 1327 783; baseline 0 -26"><span class='ocrx_word' id='word_1_13' title='bbox 206 684 393 757; x_wconf 88' lang='lat' dir='ltr'><strong>Dextrum</strong></span> <span class='ocrx_word' id='word_1_14' title='bbox 408 712 559 782; x_wconf 92' lang='lat' dir='ltr'><strong>quoque</strong></span> <span class='ocrx_word' id='word_1_15' title='bbox 575 686 680 768; x_wconf 89' lang='lat' dir='ltr'><strong>latus,</strong></span> <span class='ocrx_word' id='word_1_16' title='bbox 700 686 805 783; x_wconf 82' lang='lat' dir='ltr'>quasi</span> <span class='ocrx_word' id='word_1_17' title='bbox 822 685 951 759; x_wconf 90' lang='lat' dir='ltr'><strong>lancea</strong></span> <span class='ocrx_word' id='word_1_18' title='bbox 967 685 1197 767; x_wconf 80' lang='lat' dir='ltr'><strong>transfixum,</strong></span> <span class='ocrx_word' id='word_1_19' title='bbox 1216 686 1327 757; x_wconf 85' lang='lat' dir='ltr'><strong>rubra</strong></span> 
     </span>
     <span class='ocr_line' id='line_1_5' title="bbox 207 792 1325 889; baseline 0 -26"><span class='ocrx_word' id='word_1_20' title='bbox 207 792 378 865; x_wconf 84' lang='lat' dir='ltr'><strong>cicatrice</strong></span> <span class='ocrx_word' id='word_1_21' title='bbox 407 794 609 866; x_wconf 92' lang='lat' dir='ltr'><strong>obductum</strong></span> <span class='ocrx_word' id='word_1_22' title='bbox 632 809 721 875; x_wconf 88' lang='lat' dir='ltr'><strong>erat,</strong></span> <span class='ocrx_word' id='word_1_23' title='bbox 745 794 846 888; x_wconf 91' lang='lat' dir='ltr'><strong>quod</strong></span> <span class='ocrx_word' id='word_1_24' title='bbox 866 818 979 889; x_wconf 88' lang='lat' dir='ltr'>saepe</span> <span class='ocrx_word' id='word_1_25' title='bbox 1000 819 1081 864; x_wconf 86' lang='lat' dir='ltr'><strong>curn</strong></span> <span class='ocrx_word' id='word_1_26' title='bbox 1104 792 1325 889; x_wconf 85' lang='lat' dir='ltr'><strong>sanguinem</strong></span> 
     </span>
     <span class='ocr_line' id='line_1_6' title="bbox 206 899 1327 996; baseline 0 -26"><span class='ocrx_word' id='word_1_27' title='bbox 206 899 412 982; x_wconf 85' lang='lat' dir='ltr'><strong>emittebat,</strong></span> <span class='ocrx_word' id='word_1_28' title='bbox 443 899 568 973; x_wconf 92' lang='lat' dir='ltr'><strong>tunica</strong></span> <span class='ocrx_word' id='word_1_29' title='bbox 604 916 642 973; x_wconf 93' lang='lat' dir='ltr'><strong>et</strong></span> <span class='ocrx_word' id='word_1_30' title='bbox 670 900 863 972; x_wconf 80' lang='lat' dir='ltr'><strong>femoralia</strong></span> <span class='ocrx_word' id='word_1_31' title='bbox 898 900 1213 996; x_wconf 90' lang='lat' dir='ltr'><strong>respergebantur</strong></span> <span class='ocrx_word' id='word_1_32' title='bbox 1245 923 1327 970; x_wconf 90' lang='lat' dir='ltr'><strong>san-</strong></span> 
     </span>
     <span class='ocr_line' id='line_1_7' title="bbox 158 1003 1326 1104; baseline -0.001 -28"><span class='ocrx_word' id='word_1_33' title='bbox 158 1029 175 1092; x_wconf 83' lang='lat'>5</span> <span class='ocrx_word' id='word_1_34' title='bbox 206 1006 323 1103; x_wconf 91' lang='lat' dir='ltr'><strong>guine</strong></span> <span class='ocrx_word' id='word_1_35' title='bbox 354 1031 471 1080; x_wconf 90' lang='lat' dir='ltr'><strong>sacro.</strong></span> <span class='ocrx_word' id='word_1_36' title='bbox 527 1004 627 1082; x_wconf 87' lang='lat' dir='ltr'><strong>Nam</strong></span> <span class='ocrx_word' id='word_1_37' title='bbox 651 1024 689 1080; x_wconf 94' lang='lat' dir='ltr'><strong>et</strong></span> <span class='ocrx_word' id='word_1_38' title='bbox 716 1006 911 1104; x_wconf 84' lang='lat' dir='ltr'><strong>angelicae</strong></span> <span class='ocrx_word' id='word_1_39' title='bbox 931 1006 1102 1103; x_wconf 90' lang='lat' dir='ltr'><strong>puritatis</strong></span> <span class='ocrx_word' id='word_1_40' title='bbox 1121 1007 1234 1078; x_wconf 90' lang='lat' dir='ltr'><strong>homo</strong></span> <span class='ocrx_word' id='word_1_41' title='bbox 1254 1003 1326 1076; x_wconf 91' lang='lat' dir='ltr'><strong>Dei</strong></span> 
     </span>
     <span class='ocr_line' id='line_1_8' title="bbox 207 1111 1326 1210; baseline 0 -27"><span class='ocrx_word' id='word_1_42' title='bbox 207 1111 376 1195; x_wconf 69' lang='lat' dir='ltr'><strong>Rufinus</strong></span> <span class='ocrx_word' id='word_1_43' title='bbox 408 1139 491 1186; x_wconf 90' lang='lat' dir='ltr'><strong>cum</strong></span> <span class='ocrx_word' id='word_1_44' title='bbox 521 1112 637 1185; x_wconf 91' lang='lat' dir='ltr'><strong>semel</strong></span> <span class='ocrx_word' id='word_1_45' title='bbox 664 1113 762 1185; x_wconf 88' lang='lat' dir='ltr'><strong>filiali</strong></span> <span class='ocrx_word' id='word_1_46' title='bbox 792 1113 926 1186; x_wconf 86' lang='lat' dir='ltr'><strong>affectu</strong></span> <span class='ocrx_word' id='word_1_47' title='bbox 955 1112 1138 1210; x_wconf 86' lang='lat' dir='ltr'><strong>scalperet</strong></span> <span class='ocrx_word' id='word_1_48' title='bbox 1157 1129 1326 1184; x_wconf 89' lang='lat' dir='ltr'><strong>sanctum</strong></span> 
     </span>
     <span class='ocr_line' id='line_1_9' title="bbox 207 1219 1327 1318; baseline -0.001 -27"><span class='ocrx_word' id='word_1_49' title='bbox 207 1236 364 1317; x_wconf 90' lang='lat' dir='ltr'><strong>patrem,</strong></span> <span class='ocrx_word' id='word_1_50' title='bbox 395 1245 506 1294; x_wconf 89' lang='lat' dir='ltr'><strong>manu</strong></span> <span class='ocrx_word' id='word_1_51' title='bbox 537 1220 665 1316; x_wconf 88' lang='lat' dir='ltr'><strong>illapsa</strong></span> <span class='ocrx_word' id='word_1_52' title='bbox 693 1219 843 1318; x_wconf 84' lang='lat' dir='ltr'><strong>plagam</strong></span> <span class='ocrx_word' id='word_1_53' title='bbox 875 1220 972 1292; x_wconf 92' lang='lat' dir='ltr'><strong>illam</strong></span> <span class='ocrx_word' id='word_1_54' title='bbox 1001 1219 1224 1292; x_wconf 87' lang='lat' dir='ltr'><strong>sensibiliter</strong></span> <span class='ocrx_word' id='word_1_55' title='bbox 1243 1243 1327 1290; x_wconf 60' lang='lat' dir='ltr'><strong>con&lt;-</strong></span> 
     </span>
     <span class='ocr_line' id='line_1_10' title="bbox 208 1324 1328 1400; baseline -0.002 -2"><span class='ocrx_word' id='word_1_56' title='bbox 208 1327 388 1399; x_wconf 84' lang='lat' dir='ltr'><strong>trectavit.</strong></span> <span class='ocrx_word' id='word_1_57' title='bbox 446 1328 509 1400; x_wconf 87' lang='lat' dir='ltr'><strong>Ad</strong></span> <span class='ocrx_word' id='word_1_58' title='bbox 538 1327 642 1400; x_wconf 90' lang='lat' dir='ltr'><strong>cuius</strong></span> <span class='ocrx_word' id='word_1_59' title='bbox 670 1344 810 1399; x_wconf 89' lang='lat' dir='ltr'><strong>tactum</strong></span> <span class='ocrx_word' id='word_1_60' title='bbox 839 1343 990 1399; x_wconf 89' lang='lat' dir='ltr'><strong>sanctus</strong></span> <span class='ocrx_word' id='word_1_61' title='bbox 1018 1327 1089 1399; x_wconf 92' lang='lat' dir='ltr'><strong>Dei</strong></span> <span class='ocrx_word' id='word_1_62' title='bbox 1112 1352 1185 1398; x_wconf 92' lang='lat' dir='ltr'><strong>non</strong></span> <span class='ocrx_word' id='word_1_63' title='bbox 1214 1324 1328 1397; x_wconf 94' lang='lat' dir='ltr'><strong>modi-</strong></span> 
     </span>
     <span class='ocr_line' id='line_1_11' title="bbox 209 1432 1328 1531; baseline -0.002 -26"><span class='ocrx_word' id='word_1_64' title='bbox 209 1459 292 1505; x_wconf 90' lang='lat' dir='ltr'><strong>cum</strong></span> <span class='ocrx_word' id='word_1_65' title='bbox 309 1432 436 1516; x_wconf 90' lang='lat' dir='ltr'><strong>doluit,</strong></span> <span class='ocrx_word' id='word_1_66' title='bbox 460 1451 498 1506; x_wconf 91' lang='lat' dir='ltr'><strong>et</strong></span> <span class='ocrx_word' id='word_1_67' title='bbox 528 1459 677 1506; x_wconf 90' lang='lat' dir='ltr'><strong>manum</strong></span> <span class='ocrx_word' id='word_1_68' title='bbox 701 1459 723 1505; x_wconf 89' lang='lat' dir='ltr'><strong>a</strong></span> <span class='ocrx_word' id='word_1_69' title='bbox 752 1460 792 1505; x_wconf 92' lang='lat' dir='ltr'><strong>se</strong></span> <span class='ocrx_word' id='word_1_70' title='bbox 813 1433 1008 1531; x_wconf 90' lang='lat' dir='ltr'><strong>repellens,</strong></span> <span class='ocrx_word' id='word_1_71' title='bbox 1032 1451 1071 1506; x_wconf 89' lang='lat' dir='ltr'><strong>ut</strong></span> <span class='ocrx_word' id='word_1_72' title='bbox 1091 1433 1123 1506; x_wconf 90' lang='lat' dir='ltr'><strong>ei</strong></span> <span class='ocrx_word' id='word_1_73' title='bbox 1141 1432 1328 1506; x_wconf 85' lang='lat' dir='ltr'><strong>Dominus</strong></span> 
     </span>
     <span class='ocr_line' id='line_1_12' title="bbox 142 1540 650 1637; baseline 0.01 -30"><span class='ocrx_word' id='word_1_74' title='bbox 142 1561 180 1607; x_wconf 86' lang='lat' dir='ltr'><strong>ro</strong></span> <span class='ocrx_word' id='word_1_75' title='bbox 208 1557 389 1637; x_wconf 85' lang='lat' dir='ltr'><strong>parceret.</strong></span> <span class='ocrx_word' id='word_1_76' title='bbox 421 1540 650 1614; x_wconf 80' lang='lat' dir='ltr'><strong>acclamavit.</strong></span> 
     </span>
     <span class='ocr_line' id='line_1_13' title="bbox 206 1646 1328 1742; baseline 0.001 -24"><span class='ocrx_word' id='word_1_77' title='bbox 206 1739 209 1742; x_wconf 21' lang='grc' dir='ltr'>Ι</span> <span class='ocrx_word' id='word_1_78' title='bbox 292 1668 324 1738; x_wconf 85' lang='grc'><strong>5.</strong></span> <span class='ocrx_word' id='word_1_79' title='bbox 355 1647 525 1719; x_wconf 86' lang='lat' dir='ltr'><strong>Tandem</strong></span> <span class='ocrx_word' id='word_1_80' title='bbox 556 1674 640 1719; x_wconf 92' lang='lat' dir='ltr'><strong>cum</strong></span> <span class='ocrx_word' id='word_1_81' title='bbox 671 1648 864 1721; x_wconf 90' lang='lat' dir='ltr'><strong>interiectu</strong></span> <span class='ocrx_word' id='word_1_82' title='bbox 895 1648 1052 1719; x_wconf 89' lang='lat' dir='ltr'><strong>duorum</strong></span> <span class='ocrx_word' id='word_1_83' title='bbox 1077 1672 1258 1719; x_wconf 86' lang='lat' dir='ltr'><strong>annorum</strong></span> <span class='ocrx_word' id='word_1_84' title='bbox 1280 1646 1328 1719; x_wconf 85' lang='lat' dir='ltr'><strong>se-</strong></span> 
     </span>
     <span class='ocr_line' id='line_1_14' title="bbox 208 1752 1324 1850; baseline -0.001 -25"><span class='ocrx_word' id='word_1_85' title='bbox 208 1754 266 1825; x_wconf 90' lang='lat' dir='ltr'><strong>lici</strong></span> <span class='ocrx_word' id='word_1_86' title='bbox 298 1754 369 1827; x_wconf 89' lang='lat' dir='ltr'><strong>fine</strong></span> <span class='ocrx_word' id='word_1_87' title='bbox 398 1755 531 1826; x_wconf 92' lang='lat' dir='ltr'><strong>vallem</strong></span> <span class='ocrx_word' id='word_1_88' title='bbox 569 1754 738 1827; x_wconf 90' lang='lat' dir='ltr'><strong>miseriae</strong></span> <span class='ocrx_word' id='word_1_89' title='bbox 772 1758 882 1827; x_wconf 90' lang='lat' dir='ltr'><strong>beata</strong></span> <span class='ocrx_word' id='word_1_90' title='bbox 911 1752 1030 1850; x_wconf 90' lang='lat' dir='ltr'><strong>patria</strong></span> <span class='ocrx_word' id='word_1_91' title='bbox 1068 1769 1324 1835; x_wconf 88' lang='lat' dir='ltr'><strong>commutaret,</strong></span> 
     </span>
     <span class='ocr_line' id='line_1_15' title="bbox 209 1859 1326 1957; baseline -0.003 -23"><span class='ocrx_word' id='word_1_92' title='bbox 209 1860 352 1957; x_wconf 87' lang='lat' dir='ltr'><strong>perlato</strong></span> <span class='ocrx_word' id='word_1_93' title='bbox 380 1861 427 1934; x_wconf 92' lang='lat' dir='ltr'><strong>ad</strong></span> <span class='ocrx_word' id='word_1_94' title='bbox 457 1887 566 1933; x_wconf 87' lang='lat' dir='ltr'><strong>aures</strong></span> <span class='ocrx_word' id='word_1_95' title='bbox 595 1861 786 1933; x_wconf 92' lang='lat' dir='ltr'><strong>hominum</strong></span> <span class='ocrx_word' id='word_1_96' title='bbox 825 1862 876 1934; x_wconf 91' lang='lat' dir='ltr'><strong>rei</strong></span> <span class='ocrx_word' id='word_1_97' title='bbox 916 1861 1024 1932; x_wconf 87' lang='lat' dir='ltr'><strong>buius</strong></span> <span class='ocrx_word' id='word_1_98' title='bbox 1063 1859 1221 1932; x_wconf 87' lang='lat' dir='ltr'><strong>eximiae</strong></span> <span class='ocrx_word' id='word_1_99' title='bbox 1252 1877 1326 1931; x_wconf 75' lang='lat' dir='ltr'><strong>tant</strong></span> 
     </span>
     <span class='ocr_line' id='line_1_16' title="bbox 209 1966 1328 2063; baseline -0.003 -24"><span class='ocrx_word' id='word_1_100' title='bbox 209 1967 395 2063; x_wconf 90' lang='lat' dir='ltr'><strong>stupendo</strong></span> <span class='ocrx_word' id='word_1_101' title='bbox 416 1966 627 2062; x_wconf 91' lang='lat' dir='ltr'><strong>praeconio,</strong></span> <span class='ocrx_word' id='word_1_102' title='bbox 651 1969 767 2041; x_wconf 84' lang='lat' dir='ltr'><strong>lactus</strong></span> <span class='ocrx_word' id='word_1_103' title='bbox 797 1985 853 2039; x_wconf 91' lang='lat' dir='ltr'><strong>est</strong></span> <span class='ocrx_word' id='word_1_104' title='bbox 882 1992 1084 2039; x_wconf 87' lang='lat' dir='ltr'><strong>concursus</strong></span> <span class='ocrx_word' id='word_1_105' title='bbox 1105 1967 1328 2063; x_wconf 89' lang='lat' dir='ltr'><strong>populorum</strong></span> 
     </span>
     <span class='ocr_line' id='line_1_17' title="bbox 142 2072 1325 2173; baseline -0.002 -28"><span class='ocrx_word' id='word_1_106' title='bbox 142 2091 178 2156; x_wconf 81' lang='lat'><strong>15</strong></span> <span class='ocrx_word' id='word_1_107' title='bbox 210 2075 407 2146; x_wconf 92' lang='lat' dir='ltr'><strong>multorum</strong></span> <span class='ocrx_word' id='word_1_108' title='bbox 438 2075 668 2148; x_wconf 89' lang='lat' dir='ltr'><strong>laudantium</strong></span> <span class='ocrx_word' id='word_1_109' title='bbox 698 2091 735 2146; x_wconf 92' lang='lat' dir='ltr'><strong>et</strong></span> <span class='ocrx_word' id='word_1_110' title='bbox 764 2073 1050 2173; x_wconf 86' lang='lat' dir='ltr'><strong>glorificantium</strong></span> <span class='ocrx_word' id='word_1_111' title='bbox 1081 2098 1216 2145; x_wconf 92' lang='lat' dir='ltr'><strong>nomen</strong></span> <span class='ocrx_word' id='word_1_112' title='bbox 1242 2072 1325 2144; x_wconf 87' lang='lat' dir='ltr'><strong>Dei.</strong></span> 
     </span>
     <span class='ocr_line' id='line_1_18' title="bbox 211 2179 1329 2263; baseline -0.001 -10"><span class='ocrx_word' id='word_1_113' title='bbox 211 2181 438 2254; x_wconf 80' lang='lat' dir='ltr'><strong>Catervatim</strong></span> <span class='ocrx_word' id='word_1_114' title='bbox 469 2199 547 2253; x_wconf 86' lang='lat' dir='ltr'><strong>tota</strong></span> <span class='ocrx_word' id='word_1_115' title='bbox 577 2181 706 2253; x_wconf 89' lang='lat' dir='ltr'><strong>civitas</strong></span> <span class='ocrx_word' id='word_1_116' title='bbox 733 2180 868 2254; x_wconf 87' lang='lat' dir='ltr'><strong>Assisii</strong></span> <span class='ocrx_word' id='word_1_117' title='bbox 897 2181 978 2263; x_wconf 89' lang='lat' dir='ltr'><strong>ruit,</strong></span> <span class='ocrx_word' id='word_1_118' title='bbox 1010 2197 1048 2253; x_wconf 94' lang='lat' dir='ltr'><strong>et</strong></span> <span class='ocrx_word' id='word_1_119' title='bbox 1076 2179 1197 2252; x_wconf 90' lang='lat' dir='ltr'><strong>omnis</strong></span> <span class='ocrx_word' id='word_1_120' title='bbox 1226 2205 1329 2252; x_wconf 88' lang='lat' dir='ltr'><strong>acce·</strong></span> 
     </span>
     <span class='ocr_line' id='line_1_19' title="bbox 209 2284 1325 2386; baseline -0.004 -26"><span class='ocrx_word' id='word_1_121' title='bbox 209 2287 301 2361; x_wconf 88' lang='lat' dir='ltr'><strong>lerat</strong></span> <span class='ocrx_word' id='word_1_122' title='bbox 320 2289 436 2385; x_wconf 83' lang='lat' dir='ltr'><strong>regin,</strong></span> <span class='ocrx_word' id='word_1_123' title='bbox 461 2313 597 2360; x_wconf 91' lang='lat' dir='ltr'><strong>novum</strong></span> <span class='ocrx_word' id='word_1_124' title='bbox 627 2287 715 2360; x_wconf 92' lang='lat' dir='ltr'><strong>illud</strong></span> <span class='ocrx_word' id='word_1_125' title='bbox 734 2287 903 2360; x_wconf 86' lang='lat' dir='ltr'><strong>sitientes</strong></span> <span class='ocrx_word' id='word_1_126' title='bbox 918 2286 1044 2359; x_wconf 89' lang='lat' dir='ltr'><strong>videre</strong></span> <span class='ocrx_word' id='word_1_127' title='bbox 1061 2284 1325 2386; x_wconf 85' lang='lat' dir='ltr'><strong>spectaculum,</strong></span> 
     </span>
     <span class='ocr_line' id='line_1_20' title="bbox 209 2392 1329 2491; baseline -0.002 -24"><span class='ocrx_word' id='word_1_128' title='bbox 209 2397 309 2491; x_wconf 92' lang='lat' dir='ltr'><strong>quod</strong></span> <span class='ocrx_word' id='word_1_129' title='bbox 340 2396 484 2468; x_wconf 88' lang='lat' dir='ltr'><strong>noviter</strong></span> <span class='ocrx_word' id='word_1_130' title='bbox 515 2395 619 2468; x_wconf 90' lang='lat' dir='ltr'><strong>Deus</strong></span> <span class='ocrx_word' id='word_1_131' title='bbox 648 2412 824 2491; x_wconf 89' lang='lat' dir='ltr'><strong>posuerat</strong></span> <span class='ocrx_word' id='word_1_132' title='bbox 853 2395 889 2483; x_wconf 87' lang='lat' dir='ltr'><strong>in</strong></span> <span class='ocrx_word' id='word_1_133' title='bbox 919 2395 990 2468; x_wconf 90' lang='lat' dir='ltr'><strong>hoc</strong></span> <span class='ocrx_word' id='word_1_134' title='bbox 1011 2394 1160 2467; x_wconf 90' lang='lat' dir='ltr'><strong>mundo.</strong></span> <span class='ocrx_word' id='word_1_135' title='bbox 1219 2392 1329 2466; x_wconf 83' lang='lat' dir='ltr'><strong>lllira-</strong></span> 
     </span>
     <span class='ocr_line' id='line_1_21' title="bbox 209 2502 1329 2600; baseline -0.002 -27"><span class='ocrx_word' id='word_1_136' title='bbox 209 2502 280 2574; x_wconf 91' lang='lat' dir='ltr'><strong>culi</strong></span> <span class='ocrx_word' id='word_1_137' title='bbox 310 2503 455 2576; x_wconf 89' lang='lat' dir='ltr'><strong>novitas</strong></span> <span class='ocrx_word' id='word_1_138' title='bbox 483 2502 671 2600; x_wconf 87' lang='lat' dir='ltr'><strong>planctum</strong></span> <span class='ocrx_word' id='word_1_139' title='bbox 692 2504 863 2575; x_wconf 86' lang='lat' dir='ltr'><strong>vertebat</strong></span> <span class='ocrx_word' id='word_1_140' title='bbox 891 2503 926 2575; x_wconf 94' lang='lat' dir='ltr'><strong>in</strong></span> <span class='ocrx_word' id='word_1_141' title='bbox 958 2502 1120 2586; x_wconf 88' lang='lat' dir='ltr'><strong>iubilum,</strong></span> <span class='ocrx_word' id='word_1_142' title='bbox 1143 2517 1181 2574; x_wconf 95' lang='lat' dir='ltr'><strong>et</strong></span> <span class='ocrx_word' id='word_1_143' title='bbox 1201 2526 1329 2597; x_wconf 91' lang='lat' dir='ltr'><strong>corpo·</strong></span> 
     </span>
     <span class='ocr_line' id='line_1_22' title="bbox 136 2607 1329 2706; baseline -0.002 -25"><span class='ocrx_word' id='word_1_144' title='bbox 136 2625 180 2673; x_wconf 85' lang='lat'><strong>20</strong></span> <span class='ocrx_word' id='word_1_145' title='bbox 209 2635 312 2681; x_wconf 87' lang='lat' dir='ltr'><strong>reum</strong></span> <span class='ocrx_word' id='word_1_146' title='bbox 332 2610 451 2682; x_wconf 85' lang='lat' dir='ltr'><strong>visum</strong></span> <span class='ocrx_word' id='word_1_147' title='bbox 477 2610 513 2682; x_wconf 93' lang='lat' dir='ltr'><strong>in</strong></span> <span class='ocrx_word' id='word_1_148' title='bbox 542 2628 732 2706; x_wconf 90' lang='lat' dir='ltr'><strong>stuporem</strong></span> <span class='ocrx_word' id='word_1_149' title='bbox 754 2627 792 2682; x_wconf 93' lang='lat' dir='ltr'><strong>et</strong></span> <span class='ocrx_word' id='word_1_150' title='bbox 811 2610 982 2682; x_wconf 87' lang='lat' dir='ltr'><strong>ecstasim</strong></span> <span class='ocrx_word' id='word_1_151' title='bbox 1004 2610 1181 2706; x_wconf 89' lang='lat' dir='ltr'><strong>rapiebat.</strong></span> <span class='ocrx_word' id='word_1_152' title='bbox 1242 2607 1329 2680; x_wconf 83' lang='lat' dir='ltr'><strong>Cer·</strong></span> 
     </span>
     <span class='ocr_line' id='line_1_23' title="bbox 210 2716 1325 2814; baseline -0.001 -27"><span class='ocrx_word' id='word_1_153' title='bbox 210 2717 347 2788; x_wconf 89' lang='lat' dir='ltr'><strong>nebant</strong></span> <span class='ocrx_word' id='word_1_154' title='bbox 366 2719 517 2789; x_wconf 91' lang='lat' dir='ltr'><strong>beatum</strong></span> <span class='ocrx_word' id='word_1_155' title='bbox 534 2741 668 2814; x_wconf 89' lang='lat' dir='ltr'><strong>corpus</strong></span> <span class='ocrx_word' id='word_1_156' title='bbox 686 2717 822 2789; x_wconf 88' lang='lat' dir='ltr'><strong>Christi</strong></span> <span class='ocrx_word' id='word_1_157' title='bbox 839 2716 1077 2813; x_wconf 86' lang='lat' dir='ltr'><strong>stigmatibus</strong></span> <span class='ocrx_word' id='word_1_158' title='bbox 1098 2716 1325 2797; x_wconf 88' lang='lat' dir='ltr'><strong>decoratum,</strong></span> 
     </span>
     <span class='ocr_line' id='line_1_24' title="bbox 208 2822 1328 2919; baseline -0.001 -25"><span class='ocrx_word' id='word_1_159' title='bbox 208 2822 243 2894; x_wconf 93' lang='lat' dir='ltr'><strong>in</strong></span> <span class='ocrx_word' id='word_1_160' title='bbox 274 2824 445 2896; x_wconf 91' lang='lat' dir='ltr'><strong>manibus</strong></span> <span class='ocrx_word' id='word_1_161' title='bbox 465 2823 637 2896; x_wconf 89' lang='lat' dir='ltr'><strong>videlicet</strong></span> <span class='ocrx_word' id='word_1_162' title='bbox 665 2841 702 2896; x_wconf 94' lang='lat' dir='ltr'><strong>et</strong></span> <span class='ocrx_word' id='word_1_163' title='bbox 731 2824 890 2919; x_wconf 89' lang='lat' dir='ltr'><strong>pedibus</strong></span> <span class='ocrx_word' id='word_1_164' title='bbox 911 2848 983 2894; x_wconf 91' lang='lat' dir='ltr'><strong>non</strong></span> <span class='ocrx_word' id='word_1_165' title='bbox 1015 2825 1203 2895; x_wconf 90' lang='lat' dir='ltr'><strong>clavorum</strong></span> <span class='ocrx_word' id='word_1_166' title='bbox 1238 2848 1328 2918; x_wconf 92' lang='lat' dir='ltr'><strong>pun-</strong></span> 
     </span>
     <span class='ocr_line' id='line_1_25' title="bbox 209 2927 1329 3026; baseline -0.002 -24"><span class='ocrx_word' id='word_1_167' title='bbox 209 2947 342 3012; x_wconf 71' lang='lat' dir='ltr'><strong>cturas</strong></span> <span class='ocrx_word' id='word_1_168' title='bbox 355 2932 422 3002; x_wconf 90' lang='lat' dir='ltr'><strong>sed</strong></span> <span class='ocrx_word' id='word_1_169' title='bbox 438 2931 540 3026; x_wconf 88' lang='lat' dir='ltr'><strong>ipsos</strong></span> <span class='ocrx_word' id='word_1_170' title='bbox 556 2932 680 3003; x_wconf 88' lang='lat' dir='ltr'><strong>clavos</strong></span> <span class='ocrx_word' id='word_1_171' title='bbox 691 2957 739 3002; x_wconf 84' lang='lat' dir='ltr'><strong>ex</strong></span> <span class='ocrx_word' id='word_1_172' title='bbox 751 2930 830 3002; x_wconf 92' lang='lat' dir='ltr'><strong>eius</strong></span> <span class='ocrx_word' id='word_1_173' title='bbox 841 2956 952 3003; x_wconf 90' lang='lat' dir='ltr'><strong>carne</strong></span> <span class='ocrx_word' id='word_1_174' title='bbox 972 2929 1107 3003; x_wconf 86' lang='lat' dir='ltr'><strong>virtute</strong></span> <span class='ocrx_word' id='word_1_175' title='bbox 1123 2929 1247 3001; x_wconf 88' lang='lat' dir='ltr'><strong>divina</strong></span> <span class='ocrx_word' id='word_1_176' title='bbox 1266 2927 1329 3000; x_wconf 90' lang='lat' dir='ltr'><strong>mi·</strong></span> 
     </span>
     <span class='ocr_line' id='line_1_26' title="bbox 208 3036 1394 3132; baseline -0.001 -25"><span class='ocrx_word' id='word_1_177' title='bbox 208 3036 308 3108; x_wconf 90' lang='lat' dir='ltr'><strong>rifice</strong></span> <span class='ocrx_word' id='word_1_178' title='bbox 340 3037 571 3117; x_wconf 84' lang='lat' dir='ltr'><strong>sabrelactos,</strong></span> <span class='ocrx_word' id='word_1_179' title='bbox 596 3039 669 3109; x_wconf 90' lang='lat' dir='ltr'><strong>imo</strong></span> <span class='ocrx_word' id='word_1_180' title='bbox 698 3038 797 3109; x_wconf 88' lang='lat' dir='ltr'><strong>carni</strong></span> <span class='ocrx_word' id='word_1_181' title='bbox 828 3037 950 3109; x_wconf 89' lang='lat' dir='ltr'><strong>eidem</strong></span> <span class='ocrx_word' id='word_1_182' title='bbox 971 3036 1128 3118; x_wconf 87' lang='lat' dir='ltr'><strong>innatos,</strong></span> <span class='ocrx_word' id='word_1_183' title='bbox 1153 3036 1213 3132; x_wconf 94' lang='lat' dir='ltr'><strong>qui</strong></span> <span class='ocrx_word' id='word_1_184' title='bbox 1240 3036 1328 3107; x_wconf 90' lang='lat' dir='ltr'><strong>dum</strong></span> <span class='ocrx_word' id='word_1_185' title='bbox 1392 3120 1394 3125; x_wconf 69' lang='lat'>‚</span> 
     </span>
     <span class='ocr_line' id='line_1_27' title="bbox 138 3142 1329 3240; baseline -0.003 -25"><span class='ocrx_word' id='word_1_186' title='bbox 138 3158 178 3223; x_wconf 83' lang='lat'><strong>25</strong></span> <span class='ocrx_word' id='word_1_187' title='bbox 209 3168 230 3215; x_wconf 92' lang='lat' dir='ltr'><strong>a</strong></span> <span class='ocrx_word' id='word_1_188' title='bbox 260 3160 365 3239; x_wconf 89' lang='lat' dir='ltr'><strong>parte</strong></span> <span class='ocrx_word' id='word_1_189' title='bbox 395 3144 559 3240; x_wconf 91' lang='lat' dir='ltr'><strong>qualibet</strong></span> <span class='ocrx_word' id='word_1_190' title='bbox 589 3164 855 3239; x_wconf 89' lang='lat' dir='ltr'><strong>premerentur,</strong></span> <span class='ocrx_word' id='word_1_191' title='bbox 888 3145 1057 3239; x_wconf 91' lang='lat' dir='ltr'><strong>protinus</strong></span> <span class='ocrx_word' id='word_1_192' title='bbox 1091 3143 1196 3239; x_wconf 91' lang='lat' dir='ltr'><strong>quasi</strong></span> <span class='ocrx_word' id='word_1_193' title='bbox 1228 3142 1329 3213; x_wconf 89' lang='lat' dir='ltr'><strong>nervi</strong></span> 
     </span>
     <span class='ocr_line' id='line_1_28' title="bbox 209 3251 1328 3347; baseline 0 -26"><span class='ocrx_word' id='word_1_194' title='bbox 209 3251 371 3322; x_wconf 89' lang='lat' dir='ltr'><strong>continui</strong></span> <span class='ocrx_word' id='word_1_195' title='bbox 402 3252 450 3322; x_wconf 88' lang='lat' dir='ltr'><strong>ad</strong></span> <span class='ocrx_word' id='word_1_196' title='bbox 479 3270 623 3347; x_wconf 87' lang='lat' dir='ltr'><strong>partem</strong></span> <span class='ocrx_word' id='word_1_197' title='bbox 652 3251 863 3346; x_wconf 89' lang='lat' dir='ltr'><strong>oppositam</strong></span> <span class='ocrx_word' id='word_1_198' title='bbox 894 3252 1133 3323; x_wconf 85' lang='lat' dir='ltr'><strong>resultabant.</strong></span> <span class='ocrx_word' id='word_1_199' title='bbox 1213 3251 1328 3321; x_wconf 87' lang='lat' dir='ltr'><strong>Latus</strong></span> 
     </span>
     <span class='ocr_line' id='line_1_29' title="bbox 208 3357 1330 3453; baseline -0.003 -24"><span class='ocrx_word' id='word_1_200' title='bbox 208 3382 359 3453; x_wconf 89' lang='lat' dir='ltr'><strong>quoque</strong></span> <span class='ocrx_word' id='word_1_201' title='bbox 373 3358 571 3431; x_wconf 86' lang='lat' dir='ltr'><strong>videbatur</strong></span> <span class='ocrx_word' id='word_1_202' title='bbox 586 3357 769 3453; x_wconf 82' lang='lat' dir='ltr'><strong>sanguine</strong></span> <span class='ocrx_word' id='word_1_203' title='bbox 785 3358 1022 3430; x_wconf 89' lang='lat' dir='ltr'><strong>rubricatum.</strong></span> <span class='ocrx_word' id='word_1_204' title='bbox 1073 3357 1243 3429; x_wconf 88' lang='lat' dir='ltr'><strong>Vidimus</strong></span> <span class='ocrx_word' id='word_1_205' title='bbox 1261 3358 1330 3427; x_wconf 85' lang='lat' dir='ltr'><strong>ista</strong></span> 
     </span>
     <span class='ocr_line' id='line_1_30' title="bbox 209 3462 1409 3559; baseline -0.003 -24"><span class='ocrx_word' id='word_1_206' title='bbox 209 3463 270 3559; x_wconf 92' lang='lat' dir='ltr'><strong>qui</strong></span> <span class='ocrx_word' id='word_1_207' title='bbox 291 3464 360 3536; x_wconf 88' lang='lat' dir='ltr'><strong>ista</strong></span> <span class='ocrx_word' id='word_1_208' title='bbox 380 3464 547 3544; x_wconf 90' lang='lat' dir='ltr'><strong>dicimus,</strong></span> <span class='ocrx_word' id='word_1_209' title='bbox 571 3465 742 3536; x_wconf 89' lang='lat' dir='ltr'><strong>manibus</strong></span> <span class='ocrx_word' id='word_1_210' title='bbox 761 3466 1075 3537; x_wconf 87' lang='lat' dir='ltr'><strong>contrectavimus</strong></span> <span class='ocrx_word' id='word_1_211' title='bbox 1095 3465 1195 3559; x_wconf 91' lang='lat' dir='ltr'><strong>quod</strong></span> <span class='ocrx_word' id='word_1_212' title='bbox 1217 3462 1330 3534; x_wconf 89' lang='lat' dir='ltr'><strong>mani·</strong></span> <span class='ocrx_word' id='word_1_213' title='bbox 1405 3536 1409 3542; x_wconf 70' lang='grc'><strong>,</strong></span> 
     </span>
     <span class='ocr_line' id='line_1_31' title="bbox 209 3569 1330 3664; baseline -0.002 -23"><span class='ocrx_word' id='word_1_214' title='bbox 209 3570 278 3642; x_wconf 91' lang='lat' dir='ltr'><strong>bus</strong></span> <span class='ocrx_word' id='word_1_215' title='bbox 306 3597 515 3657; x_wconf 69' lang='lat' dir='ltr'><strong>exaramus</strong></span> <span class='ocrx_word' id='word_1_216' title='bbox 539 3571 742 3644; x_wconf 87' lang='lat' dir='ltr'><strong>lacrimosis</strong></span> <span class='ocrx_word' id='word_1_217' title='bbox 762 3571 877 3644; x_wconf 90' lang='lat' dir='ltr'><strong>oculis</strong></span> <span class='ocrx_word' id='word_1_218' title='bbox 898 3572 1133 3642; x_wconf 86' lang='lat' dir='ltr'><strong>delinivimus</strong></span> <span class='ocrx_word' id='word_1_219' title='bbox 1153 3569 1254 3664; x_wconf 91' lang='lat' dir='ltr'><strong>quod</strong></span> <span class='ocrx_word' id='word_1_220' title='bbox 1278 3570 1330 3639; x_wconf 92' lang='lat' dir='ltr'><strong>la·</strong></span> 
     </span>
     <span class='ocr_line' id='line_1_32' title="bbox 139 3673 1330 3773; baseline -0.008 -19"><span class='ocrx_word' id='word_1_221' title='bbox 139 3689 181 3754; x_wconf 83' lang='lat'><strong>30</strong></span> <span class='ocrx_word' id='word_1_222' title='bbox 208 3676 279 3749; x_wconf 88' lang='lat' dir='ltr'><strong>biis</strong></span> <span class='ocrx_word' id='word_1_223' title='bbox 311 3677 541 3761; x_wconf 89' lang='lat' dir='ltr'><strong>confitemur,</strong></span> <span class='ocrx_word' id='word_1_224' title='bbox 582 3680 765 3773; x_wconf 87' lang='lat' dir='ltr'><strong>tactisque</strong></span> <span class='ocrx_word' id='word_1_225' title='bbox 802 3677 1048 3751; x_wconf 89' lang='lat' dir='ltr'><strong>sacrosanctis</strong></span> <span class='ocrx_word' id='word_1_226' title='bbox 1077 3678 1178 3772; x_wconf 85' lang='lat' dir='ltr'><strong>quod</strong></span> <span class='ocrx_word' id='word_1_227' title='bbox 1215 3673 1330 3747; x_wconf 86' lang='lat' dir='ltr'><strong>semel</strong></span> 
     </span>
     <span class='ocr_line' id='line_1_33' title="bbox 210 3781 1331 3880; baseline -0.003 -26"><span class='ocrx_word' id='word_1_228' title='bbox 210 3782 410 3857; x_wconf 88' lang='lat' dir='ltr'><strong>iuravimus</strong></span> <span class='ocrx_word' id='word_1_229' title='bbox 430 3786 530 3857; x_wconf 93' lang='lat' dir='ltr'><strong>omni</strong></span> <span class='ocrx_word' id='word_1_230' title='bbox 552 3805 721 3880; x_wconf 89' lang='lat' dir='ltr'><strong>tempore</strong></span> <span class='ocrx_word' id='word_1_231' title='bbox 743 3802 1001 3880; x_wconf 88' lang='lat' dir='ltr'><strong>protestamur.</strong></span> <span class='ocrx_word' id='word_1_232' title='bbox 1060 3785 1188 3855; x_wconf 87' lang='lat' dir='ltr'><strong>Plures</strong></span> <span class='ocrx_word' id='word_1_233' title='bbox 1210 3781 1331 3852; x_wconf 91' lang='lat' dir='ltr'><strong>nobis·</strong></span> 
     </span>
     <span class='ocr_line' id='line_1_34' title="bbox 210 3888 1330 3986; baseline -0.004 -23"><span class='ocrx_word' id='word_1_234' title='bbox 210 3916 292 3963; x_wconf 90' lang='lat' dir='ltr'><strong>cum</strong></span> <span class='ocrx_word' id='word_1_235' title='bbox 324 3892 464 3975; x_wconf 83' lang='lat' dir='ltr'><strong>fratres,</strong></span> <span class='ocrx_word' id='word_1_236' title='bbox 491 3894 580 3965; x_wconf 89' lang='lat' dir='ltr'><strong>dum</strong></span> <span class='ocrx_word' id='word_1_237' title='bbox 609 3893 751 3964; x_wconf 88' lang='lat' dir='ltr'><strong>viveret</strong></span> <span class='ocrx_word' id='word_1_238' title='bbox 780 3910 940 3971; x_wconf 88' lang='lat' dir='ltr'><strong>sanctus,</strong></span> <span class='ocrx_word' id='word_1_239' title='bbox 967 3890 1003 3961; x_wconf 91' lang='lat' dir='ltr'><strong>id</strong></span> <span class='ocrx_word' id='word_1_240' title='bbox 1032 3906 1270 3986; x_wconf 86' lang='lat' dir='ltr'><strong>aspexerunt,</strong></span> <span class='ocrx_word' id='word_1_241' title='bbox 1294 3888 1330 3960; x_wconf 92' lang='lat' dir='ltr'><strong>in</strong></span> 
     </span>
     <span class='ocr_line' id='line_1_35' title="bbox 209 3994 1331 4094; baseline -0.003 -25"><span class='ocrx_word' id='word_1_242' title='bbox 209 4015 328 4070; x_wconf 90' lang='lat' dir='ltr'><strong>morte</strong></span> <span class='ocrx_word' id='word_1_243' title='bbox 348 4024 437 4071; x_wconf 90' lang='lat' dir='ltr'><strong>vero</strong></span> <span class='ocrx_word' id='word_1_244' title='bbox 467 3998 559 4071; x_wconf 87' lang='lat' dir='ltr'><strong>ultra</strong></span> <span class='ocrx_word' id='word_1_245' title='bbox 589 4025 700 4094; x_wconf 89' lang='lat' dir='ltr'><strong>quam</strong></span> <span class='ocrx_word' id='word_1_246' title='bbox 731 3998 1003 4094; x_wconf 87' lang='lat' dir='ltr'><strong>quinquaginta</strong></span> <span class='ocrx_word' id='word_1_247' title='bbox 1023 4021 1106 4068; x_wconf 93' lang='lat' dir='ltr'><strong>cum</strong></span> <span class='ocrx_word' id='word_1_248' title='bbox 1127 3994 1331 4067; x_wconf 90' lang='lat' dir='ltr'><strong>innumeris</strong></span> 
     </span>
     <span class='ocr_line' id='line_1_36' title="bbox 209 4101 1329 4200; baseline -0.001 -25"><span class='ocrx_word' id='word_1_249' title='bbox 209 4104 460 4178; x_wconf 88' lang='lat' dir='ltr'><strong>saecularibus</strong></span> <span class='ocrx_word' id='word_1_250' title='bbox 474 4106 640 4179; x_wconf 86' lang='lat' dir='ltr'><strong>venerati</strong></span> <span class='ocrx_word' id='word_1_251' title='bbox 662 4123 758 4178; x_wconf 88' lang='lat' dir='ltr'><strong>sunt.</strong></span> <span class='ocrx_word' id='word_1_252' title='bbox 777 4104 875 4177; x_wconf 89' lang='lat' dir='ltr'><strong>Nulli</strong></span> <span class='ocrx_word' id='word_1_253' title='bbox 896 4104 943 4174; x_wconf 90' lang='lat' dir='ltr'><strong>sit</strong></span> <span class='ocrx_word' id='word_1_254' title='bbox 963 4103 1197 4200; x_wconf 88' lang='lat' dir='ltr'><strong>ambiguitati</strong></span> <span class='ocrx_word' id='word_1_255' title='bbox 1214 4101 1329 4185; x_wconf 81' lang='lat' dir='ltr'><strong>locuS,</strong></span> 
     </span>
     <span class='ocr_line' id='line_1_37' title="bbox 140 4209 1332 4309; baseline 0.002 -29"><span class='ocrx_word' id='word_1_256' title='bbox 140 4222 180 4289; x_wconf 84' lang='lat'><strong>35</strong></span> <span class='ocrx_word' id='word_1_257' title='bbox 212 4210 297 4282; x_wconf 90' lang='lat' dir='ltr'><strong>nulli</strong></span> <span class='ocrx_word' id='word_1_258' title='bbox 317 4214 541 4308; x_wconf 89' lang='lat' dir='ltr'><strong>sempiterne</strong></span> <span class='ocrx_word' id='word_1_259' title='bbox 572 4212 680 4285; x_wconf 88' lang='lat' dir='ltr'><strong>huius</strong></span> <span class='ocrx_word' id='word_1_260' title='bbox 709 4211 857 4309; x_wconf 89' lang='lat' dir='ltr'><strong>largitio</strong></span> <span class='ocrx_word' id='word_1_261' title='bbox 877 4209 1052 4282; x_wconf 90' lang='lat' dir='ltr'><strong>bonitatis</strong></span> <span class='ocrx_word' id='word_1_262' title='bbox 1072 4209 1185 4282; x_wconf 91' lang='lat' dir='ltr'><strong>dubia</strong></span> <span class='ocrx_word' id='word_1_263' title='bbox 1204 4209 1332 4282; x_wconf 87' lang='lat' dir='ltr'><strong>videa-</strong></span> 
     </span>
    </p>
   </div>
   <div class='ocr_carea' id='block_1_4' title="bbox 284 4447 522 4514">
    <p class='ocr_par' dir='ltr' id='par_1_4' title="bbox 284 4447 522 4514">
     <span class='ocr_line' id='line_1_38' title="bbox 284 4447 522 4514; baseline 0.013 -16"><span class='ocrx_word' id='word_1_264' title='bbox 284 4462 323 4514; x_wconf 84' lang='lat'><strong>15.</strong></span> <span class='ocrx_word' id='word_1_265' title='bbox 345 4447 392 4498; x_wconf 75' lang='lat' dir='ltr'><strong>AB</strong></span> <span class='ocrx_word' id='word_1_266' title='bbox 412 4448 522 4501; x_wconf 84' lang='lat' dir='ltr'><strong>Domini</strong></span> 
     </span>
    </p>
   </div>
   <div class='ocr_carea' id='block_1_5' title="bbox 0 0 1580 4875">
    <p class='ocr_par' dir='ltr' id='par_1_5' title="bbox 0 0 1580 4875">
     <span class='ocr_line' id='line_1_39' title="bbox 0 0 1580 4875; baseline 0 0"><span class='ocrx_word' id='word_1_267' title='bbox 0 0 1580 4875; x_wconf 95' lang='lat' dir='ltr'><strong> </strong></span> 
     </span>
    </p>
   </div>
  </div>
 </body>
</html>
