3142 4875
663 335 835 382 LEGENDA
865 334 976 382 PRIMA

261 567 407 640 videret
447 567 589 639 beatus
621 591 753 638 servos
787 564 981 648 altissimi,
1020 564 1267 639 admiratione
1304 591 1387 662 per·

261 674 425 747 maxima
453 674 677 770 replebatur,
709 671 777 745 sed
806 671 896 768 quid
924 671 994 745 sibi
1022 673 1134 745 vellet
1167 672 1261 745 haec
1289 672 1385 745 visio

261 782 458 854 advertere
479 779 678 853 nesciebat.
737 778 939 853 Gaudebat
958 804 1108 876 quoque
1127 779 1327 877 plurimum
1347 797 1385 852 et

261 886 521 960 vehementius
549 887 757 959 laetabatur
785 886 822 958 in
858 885 1023 983 benigno
1059 902 1096 959 et
1133 885 1301 983 gratioso
1329 912 1384 958 re-

259 1010 401 1090 spectu,
433 1019 509 1089 quo
537 1019 560 1066 a
590 993 777 1089 seraphim
807 992 972 1088 conspici
1009 1019 1049 1065 se
1078 993 1239 1075 videbat,
1279 993 1384 1065 cuius
1414 1022 1434 1086 5

255 1100 498 1197 pulchritudo
535 1098 815 1173 inaestimabilis
851 1115 932 1171 erat
969 1099 1087 1181 nimis,
1127 1098 1194 1172 sed
1230 1099 1384 1172 omnino

261 1207 383 1304 ipsum
413 1206 532 1301 crucis
559 1206 687 1281 affixio
715 1222 753 1278 et
781 1204 965 1302 passionis
994 1205 1089 1279 illius
1117 1206 1301 1279 acerbitas
1321 1207 1383 1279 de·

260 1315 435 1387 terrebat.
502 1313 637 1409 Sicque
666 1313 837 1398 surrexit,
868 1326 909 1383 ut
938 1313 988 1385 ita
1017 1314 1171 1397 dicatur,
1202 1313 1317 1385 tristis
1345 1329 1383 1386 et

260 1421 390 1504 laetus,
422 1436 461 1492 et
488 1421 668 1517 gaudium
696 1435 811 1515 atque
840 1444 988 1491 moeror
1008 1445 1094 1491 suas
1118 1418 1152 1491 in
1175 1420 1256 1516 ipso
1276 1419 1383 1492 alter-

262 1528 401 1599 nabant
420 1528 531 1599 vices.
590 1526 793 1624 Cogitabat
822 1524 999 1611 sollicitus
1027 1527 1117 1623 quid
1138 1544 1265 1622 posset
1290 1526 1383 1598 haec
1417 1554 1458 1601 to

260 1633 354 1706 visio
374 1633 583 1731 designare,
606 1634 710 1706 etad
732 1632 956 1729 capiendum
981 1659 1029 1705 ex
1048 1659 1093 1705 ea
1113 1632 1383 1730 intelligentiae

260 1766 411 1813 sensum
444 1739 666 1813 anxiabatur
693 1740 892 1835 plurimum
921 1739 1071 1836 spiritus
1099 1740 1190 1812 eius
1250 1741 1383 1836 Signo·

259 1873 347 1919 rum
374 1848 573 1943 apparitio.
633 1846 806 1942 Cumque
844 1845 984 1941 liquido
1025 1871 1071 1919 ex
1109 1872 1155 1919 ea
1193 1846 1381 1918 intellectu

259 1953 398 2050 aliquid
418 1980 492 2026 non
516 1953 735 2050 perciperet,
759 1969 797 2025 et
823 1952 979 2024 multum
1008 1953 1088 2025 eius
1108 1953 1211 2025 cordi
1230 1952 1384 2025 visionis

259 2060 367 2133 huius
396 2062 542 2134 novitas
569 2060 757 2142 insideret,
791 2075 997 2155 coeperunt
1030 2060 1066 2132 in
1102 2060 1273 2132 manibus
1302 2059 1383 2132 eius
1418 2086 1459 2151 15

258 2168 474 2264 etpedibus
501 2193 684 2264 apparere
705 2165 814 2263 signa
839 2168 1039 2250 clavorum,
1063 2167 1383 2262 quemadmodum

258 2273 371 2371 paulo
390 2291 477 2346 ante
496 2274 616 2346 virum
635 2299 748 2369 supra
767 2299 808 2347 se
828 2272 972 2345 viderat
991 2273 1219 2346 crucifixum.

341 2401 402 2472 95.
434 2383 570 2453 Manus
598 2396 636 2454 et
665 2381 782 2478 pedes
811 2381 891 2453 eius
930 2381 966 2452 in
996 2381 1076 2477 ipso
1114 2379 1238 2453 medio
1268 2378 1383 2452 clavis

260 2487 431 2561 confixae
458 2489 690 2571 videbantur,
723 2489 912 2560 clavorum
942 2489 1126 2584 capitibus
1156 2488 1190 2558 in
1217 2486 1381 2559 interiori

177 2593 179 2596 ’
258 2612 365 2691 parte
395 2619 572 2667 manuum
594 2612 634 2668 et
663 2595 846 2691 superiori
876 2596 1015 2691 pedum
1043 2594 1322 2691 apparentibus,
1344 2614 1383 2666 et
1413 2619 1460 2665 20

259 2726 389 2773 eorum
418 2701 651 2774 acuminibus
680 2701 948 2774 exsistentibus
968 2728 1015 2774 ex
1035 2703 1205 2774 adverso
1264 2701 1383 2773 Erant

259 2807 358 2879 enim
379 2809 488 2905 signa
508 2807 568 2880 illa
587 2810 747 2880 rotunda
774 2799 929 2881 interius
957 2808 993 2881 in
1013 2807 1195 2894 manibus
1217 2808 1383 2880 exterius

259 2932 385 2987 autem
423 2915 598 3011 oblonga,
643 2931 681 2986 et
716 2916 916 2987 caruncula
952 2915 1137 3010 quaedam
1175 2915 1383 3010 apparebat

259 3021 363 3117 quasi
385 3021 578 3094 summitas
599 3024 789 3095 clavorum
815 3038 955 3095 retorta
975 3038 1012 3094 et
1032 3047 1261 3118 repercussa,
1284 3047 1383 3117 quae

259 3154 408 3201 carnem
437 3128 619 3224 reliquam
648 3129 867 3201 excedebat.
926 3128 987 3200 Sic
1007 3145 1045 3200 et
1072 3130 1107 3200 in
1127 3129 1287 3226 pedibus
1318 3129 1381 3200 im·
1412 3154 1454 3220 25

256 3261 387 3330 pressa
415 3253 522 3308 erant
549 3236 658 3332 signa
688 3236 876 3308 clavorum
906 3252 944 3308 et
962 3261 985 3308 a
1005 3260 1115 3309 carne
1145 3235 1288 3332 reliqua
1307 3234 1381 3308 ele·

255 3358 353 3415 vata.
426 3343 611 3415 Dextrum
640 3368 792 3439 quoque
830 3343 926 3414 latus
964 3342 1070 3438 quasi
1106 3341 1236 3414 lancea
1265 3359 1382 3414 trans-

219 3442 222 3447 ’
256 3449 381 3531 fixum,
406 3448 576 3522 cicatrice
596 3449 769 3531 obducta,
793 3466 882 3534 erat,
901 3450 1003 3546 quod
1023 3474 1136 3545 saepe
1157 3448 1381 3545 sanguinem

256 3555 460 3639 emittebat,
493 3558 544 3628 ita
573 3572 613 3628 ut
640 3556 765 3628 tunica
795 3556 875 3629 eius
904 3582 988 3629 cum
1021 3555 1261 3629 femoralibus
1290 3556 1384 3628 mul·

331 3775 352 3828 3.
367 3758 414 3812 As
426 3758 713 3828 Gaudebatquequam
726 3758 759 3828 pl.
816 3757 1054 3826 4.laetabatur]H
1062 3757 1211 3810 ducebatur
1270 3774 1382 3828 5.quo-
1439 3812 1441 3817 ,

256 3839 344 3907 cuius]
366 3839 413 3892 AS
430 3839 503 3909 quod
523 3838 660 3907 seraphim
679 3838 787 3891 videbat
807 3839 868 3909 quia
918 3838 984 3908 a]l:“
996 3838 1023 3889 in
1097 3854 1120 3907 7.
1136 3838 1239 3908 ipsum]
1258 3838 1383 3892 Osillum

256 3919 339 3987 illius]
360 3919 408 3972 AS
425 3920 523 3989 ipsius,·
543 3919 567 3972 E
586 3936 634 3972 om.
722 3934 799 3988 9-10.
819 3919 849 3970 H
866 3918 1015 3970 alternabat
1107 3933 1145 3982 ¹4·
1166 3920 1194 3971 ,tl
1214 3937 1262 3970 om.
1283 3918 1384 3988 aliquid

259 4016 296 4067 15.
317 4000 408 4068 huius]
431 4000 478 4054 AS
495 4001 568 4062 eius,
590 4001 611 4053 P
629 4000 696 4051 haec
774 3997 813 4053 16.
831 4000 851 4052 L
868 4017 917 4052 om.
938 4012 964 4052 et
984 3999 1095 4069 pedibus
1173 4015 1210 4067 ¹7·
1230 3999 1276 4052 At
1293 3999 1384 4051 virum

256 4093 381 4133 sanctum
401 4097 460 4149 sup.
542 4080 581 4132 18.
602 4080 649 4134 AS
663 4098 711 4132 om.
731 4080 791 4150 ipso
867 4080 959 4150 18·19.
980 4080 1011 4131 M
1029 4097 1078 4132 om.
1099 4081 1125 4131 in
1145 4078 1378 4150 ipso-capitibus

258 4176 297 4230 19.
318 4160 365 4213 AS
383 4160 482 4213 confixi
500 4168 523 4214 at
542 4177 592 4214 om.
611 4160 639 4212 in
713 4175 756 4213 21.
776 4159 917 4229 ex]Rde
992 4174 1034 4212 22.
1052 4160 1086 4213 Os
1106 4177 1156 4212 om.
1175 4159 1221 4211 illa
1293 4158 1388 4224 24.H

256 4243 399 4293 summitas
419 4242 554 4311 quaedam
573 4240 605 4293 cl.
694 4239 790 4306 24-26.
812 4240 846 4294 Os
865 4258 913 4293 om.
934 4240 1173 4311 quae-impressa
1260 4254 1302 4305 25.
1322 4238 1385 4291 reli·

256 4322 349 4390 quam]
371 4321 401 4373 H
417 4322 537 4392 aliquam
590 4323 619 4374 ,tl
638 4322 799 4374 extendebat
872 4325 912 4374 26.
932 4320 963 4374 H
980 4339 1029 4374 om.
1051 4320 1127 4391 signa
1207 4317 1302 4390 26-27.
1322 4320 1385 4385 AS,

259 4401 282 4452 Ε
300 4399 416 4454 relevata
491 4418 532 4470 27.
552 4402 597 4456 As
614 4402 800 4472 Dextrumque
820 4402 866 4457 lat.
