3142 4875
245 304 348 352 XXXII
666 300 942 351 PROLEGOMENA

243 406 507 413 -..-—--.-

242 526 356 593 borum
380 525 584 611 repetitiones
608 520 748 600 affectae
774 521 830 589 sed
854 522 1073 609 unusquisque
1097 520 1224 609 proprio
1241 520 1364 586 talento

242 634 340 700 utitur
355 651 387 699 et
405 631 493 719 quod
510 655 611 697 unum
628 629 764 696 delectat
788 630 876 696 alteri
893 627 1046 716 displicet.
1094 629 1172 695 Non
1190 631 1231 694 ita
1251 627 1364 694 acerbe

241 741 445 808 aestimatum
470 736 529 806 fuir
552 739 652 805 nostri
676 740 815 804 auctoris
838 760 941 825 genus
965 734 1121 803 scribendi
1139 735 1178 802 ab
1202 735 1262 802 illis
1281 758 1364 823 quos

241 846 339 913 hodie
355 848 383 912 ei
400 865 599 933 anteponunt
612 843 721 926 critici,
739 863 771 910 et
782 843 988 931 legendam,
1005 865 1102 931 quarn
1120 841 1298 931 deprimere
1314 864 1364 906 sa-

240 972 366 1041 tagunt,
385 953 527 1041 aequiori
551 952 661 1017 animo
685 950 870 1018 iudicabant
886 950 972 1017 Socii
988 950 1088 1016 sancti
1106 950 1274 1016 Francisci.
1325 950 1363 1015 ln

241 1082 336 1147 opere
359 1057 447 1146 quod
472 1056 511 1124 de
534 1057 651 1124 eodem
676 1058 796 1124 Sancto
820 1055 1039 1136 conscribunt,
1056 1074 1191 1123 monent
1206 1078 1240 1122 se
1261 1055 1363 1122 multa

241 1167 401 1246 omittere,
414 1186 496 1254 quae
511 1167 543 1232 in
568 1165 712 1252 legendis
737 1163 776 1231 de
792 1166 862 1251 ipso
886 1162 1039 1230 confectis
1057 1180 1161 1230 esunt
1177 1163 1281 1250 posita
1295 1181 1362 1228 tarn

241 1271 381 1339 veridico
404 1294 501 1360 quarn
525 1272 689 1339 luculento
708 1292 858 1338 sermone
871 1298 901 1352 n,
919 1289 950 1336 er
974 1270 1055 1337 circa
1079 1292 1214 1357 eaquae
1233 1287 1363 1336 narrant

240 1377 399 1446 desiderio
422 1397 582 1457 tenentur,
599 1377 741 1466 eoquod
770 1380 825 1442 «si
850 1375 1083 1444 venerabilibus
1109 1376 1182 1442 viris
1202 1374 1257 1463 qui
1271 1396 1362 1463 prae·

166 1468 168 1472 ¹
239 1484 317 1551 fatas
342 1482 549 1554 confecerunt
574 1483 725 1571 legendas
748 1481 828 1549 haec
851 1501 928 1549 nota
952 1481 1096 1564 fuissent,
1117 1483 1252 1548 minime
1272 1504 1359 1569 prae·

238 1593 407 1672 teriissent‚
423 1594 500 1679 quin
524 1590 637 1657 saltem
657 1613 715 1678 pro
734 1611 821 1678 parte
837 1612 897 1656 suo
918 1589 1122 1657 decorassent
1138 1588 1269 1678 eloquio
1286 1591 1360 1655 ».<¹)

239 1697 377 1764 Scitisne
400 1695 476 1785 quid
502 1714 611 1763 contra
635 1695 774 1762 decisiva
805 1695 990 1762 huiusmodi
1026 1696 1174 1762 encomia
1199 1693 1362 1781 proferant

239 1802 454 1872 detractores?
499 1806 657 1870 Asserunt
681 1803 758 1868 haec
778 1800 874 1868 verba
898 1802 1035 1867 irrisorie
1054 1798 1150 1867 fuisse
1167 1801 1359 1890 conscripta!

239 1912 323 1977 Vere
346 1930 377 1977 et
401 1910 444 1976 illi
468 1908 605 1976 illudunt
628 1910 794 1976 lectoril²>

307 2018 349 2084 ll.
365 2017 414 2083 De
430 2017 567 2104 Legenda
582 2017 720 2082 secunda.
737 2055 781 2064 —
799 2013 998 2098 Quindecim
1015 2013 1205 2082 effluxerant
1229 2016 1304 2082 anni
1321 2039 1361 2081 ex

238 2146 304 2212 quo
323 2122 472 2191 Thomas
496 2123 536 2190 de
561 2122 684 2191 Celano
717 2121 906 2210 Legendam
936 2122 1037 2188 saneti
1071 2122 1230 2188 francisci
1258 2121 1360 2210 perl-

239 2246 334 2309 cerat,
357 2251 394 2296 ea
417 2252 498 2316 quae
523 2253 561 2295 ex
585 2228 682 2315 ipsius
706 2251 761 2294 ore
785 2225 927 2294 audierat
951 2229 1037 2294 vela
1062 2226 1208 2295 fidelibus
1232 2248 1264 2295 et
1288 2251 1360 2316 pro-

240 2335 319 2401 batis
342 2334 475 2401 testibus
498 2333 695 2401 intellexerat
710 2333 904 2414 describens,
923 2354 958 2400 ut
977 2335 1043 2422 ipse
1060 2333 1136 2401 dicit
1155 2335 1188 2401 in
1205 2333 1358 2422 PrologO‚

240 2442 429 2531 adiungens,
443 2443 476 2508 in
497 2443 662 2510 «introitu
679 2467 694 2505 n
715 2441 754 2507 ad
774 2441 953 2509 secundum
971 2443 1173 2529 opusculum,
1188 2466 1222 2510 se
1239 2466 1274 2510 ea
1291 2442 1359 2509 sola

310 2694 352 2758 (1)
373 2692 430 2761 leg.
447 2710 459 2761 3
474 2692 539 2751 Soc..
558 2691 585 2743 in
604 2691 717 2762 epistola
732 2691 765 2744 ad
786 2691 984 2745 Crescenrium.

308 2781 352 2847 (2)
371 2779 503 2832 Audiatur
522 2779 651 2832 iudicium
672 2780 742 2833 docti
763 2780 822 2845 viri,
841 2780 1032 2833 controversiis
1051 2780 1151 2833 nostris
1164 2781 1293 2844 extranei,
1313 2782 1359 2851 qui

238 2869 270 2922 de
291 2868 419 2922 Thornae
439 2869 544 2938 scriptis
566 2869 615 2922 sub
636 2881 760 2938 respectu
789 2868 918 2922 litterario
942 2869 1021 2922 unice
1044 2869 1151 2924 tractat:
1173 2869 1254 2923 «Fra
1274 2870 1358 2924 Tom-

238 2974 315 3011 maso
333 2960 347 3010 e
367 2957 487 3009 uomodi
503 2958 597 3010 vivace
614 2960 733 3027 ingegno
748 2975 763 3012 e
776 2958 804 3010 di
820 2957 896 3028 larga
910 2957 1025 3021 cultura,
1039 2958 1089 3010 che
1105 2975 1222 3012 conosce
1241 2958 1285 3012 del
1302 2962 1358 3030 pari

237 3047 263 3100 le
282 3045 381 3100 altezze
400 3045 581 3116 sillogistiche
605 3046 675 3099 della
703 3047 809 3099 scienza
834 3046 980 3116 teologica‚
1000 3050 1007 3099 i
1027 3045 1125 3100 fervori
1144 3046 1324 3101 dell’ascetica
1344 3065 1359 3101 e

238 3137 264 3189 la
284 3135 416 3206 profonda
432 3137 538 3189 sorvita
557 3135 601 3189 del
620 3136 785 3189 sentimento
801 3137 945 3206 populare;
962 3153 1006 3189 nra
1020 3136 1154 3190 intelletto
1171 3137 1329 3191 meditativo
1344 3154 1359 3190 e

239 3238 330 3288 acuto,
349 3241 405 3278 non
424 3238 559 3295 stempera
579 3226 642 3287 mai,
662 3241 742 3278 come
762 3225 900 3295 Iacopone
920 3242 934 3279 e
950 3225 1151 3287 Bonaventura,
1170 3226 1232 3279 suoi
1252 3225 1359 3280 conita-

237 3312 304 3377 telli‚
323 3312 349 3365 iu
369 3328 438 3366 vane
451 3312 544 3384 parole
554 3313 748 3367 l'abbondanza
758 3313 830 3383 degli
847 3312 930 3366 affetti
950 3330 967 3366 ο
987 3313 1012 3366 la
1028 3312 1093 3383 foga
1112 3315 1154 3367 de'
1165 3314 1288 3384 pensieri,
1299 3317 1359 3367 anzi

238 3417 272 3453 ne
292 3401 404 3455 modera
423 3418 438 3454 e
458 3401 595 3455 raccorcia
618 3401 823 3472 l’espressione.
862 3402 961 3455 Siccine
980 3400 999 3454 il
1018 3419 1070 3456 suo
1091 3401 1159 3465 stile,
1180 3419 1259 3455 senza
1280 3418 1358 3455 orna-

238 3492 321 3544 menti
341 3490 496 3555 d'oratoria,
516 3508 615 3562 appare
635 3508 741 3562 sempre
760 3492 883 3556 incisive,
904 3492 1004 3556 sobrio,
1022 3491 1115 3556 denso,
1134 3492 1210 3562 quasi
1227 3503 1360 3553 rattratt0‚

238 3597 253 3632 e
277 3578 295 3631 il
315 3578 429 3650 periodo
448 3580 567 3649 procede
590 3596 635 3651 per
658 3578 751 3643 ellissi‚
771 3579 865 3633 schiva
887 3579 913 3632 le
938 3579 1132 3648 congiunzioni
1151 3597 1166 3632 e
1185 3580 1219 3632 da
1239 3578 1360 3634 efficacia

238 3669 263 3721 di
278 3684 361 3721 senso
377 3668 432 3737 agli
446 3668 572 3734 avverbi3
592 3685 606 3721 e
627 3668 654 3721 lo
668 3670 791 3722 scrittore
811 3670 826 3721 e
846 3668 890 3737 piu
911 3680 1008 3738 promo
1029 3685 1043 3720 a
1064 3669 1175 3721 lasciare
1196 3685 1323 3739 scorgere
1342 3668 1361 3721 il

236 3773 287 3810 suo
306 3757 432 3826 pensiero
447 3755 519 3809 nelle
531 3757 648 3819 amnesi,
662 3758 704 3808 ne‘
715 3756 842 3809 contrasti
862 3774 877 3809 e
893 3755 935 3808 ne’
945 3750 1085 3827 paragorii,
1100 3757 1150 3809 che
1163 3773 1219 3809 non
1234 3774 1249 3809 a
1262 3758 1360 3810 disten-

236 3847 313 3900 derlo
333 3846 407 3900 nella
429 3845 498 3900 irase
520 3846 611 3916 ampla
633 3863 647 3898 e
669 3845 763 3899 fiorita.
797 3846 850 3900 Cio
870 3846 891 3898 si
912 3862 1022 3899 osserva
1042 3862 1098 3898 non
1118 3846 1269 3900 solamente
1288 3846 1361 3900 nella

236 3936 397 3989 narrazione
416 3947 557 3998 consueta,
577 3952 621 3988 ma
638 3952 688 4006 pur
706 3936 749 3988 ne'
761 3934 867 4005 luoghi,
886 3951 967 3988 corne
985 3935 1029 3988 nel
1050 3934 1153 3989 riferire
1172 3935 1242 3989 della
1262 3948 1361 3999 morte,

237 4025 281 4078 dei
299 4025 406 4094 prodigi
425 4042 440 4078 e
459 4024 531 4078 delle
543 4024 642 4078 visioni
662 4024 687 4077 di
708 4025 858 4078 Francesco
878 4023 1003 4090 d'Assisi,
1016 4025 1086 4077 dove
1102 4022 1213 4078 l'alietto
1233 4023 1275 4078 del
1294 4024 1361 4078 srate

236 4115 338 4168 storieo
358 4116 372 4167 ὲ
398 4117 419 4167 sl
439 4113 513 4177 vivo,
533 4113 583 4166 che
602 4113 625 4166 si
644 4114 754 4166 travede
774 4112 845 4167 nella
861 4112 939 4177 irase,
959 4112 984 4165 la
1003 4112 1083 4183 quale
1097 4112 1119 4165 si
1133 4115 1271 4167 mantiene
1284 4114 1361 4167 rude·

236 4213 328 4255 mente
347 4202 428 4255 breve
447 4218 462 4254 e
477 4200 606 4254 scultoria
620 4222 644 4254 n.
681 4200 797 4255 Fnreeo
814 4200 1069 4263 Enn1u1‚ll“Dirs
1084 4201 1164 4255 irac”
1184 4220 1195 4254 e
1211 4200 1359 4272 l'r'nnologia

235 4293 341 4345 asceticu
360 4291 399 4345 nel
416 4291 494 4346 secolo
513 4290 683 4360 decinroterra
708 4289 773 4344 studi
795 4290 859 4343 sulla
883 4290 1028 4343 leimarum
1048 4290 1131 4344 latina
1150 4289 1188 4344 dcl
1206 4289 1286 4344 medio
1305 4308 1360 4344 evo,

236 4381 334 4445 Roma,
356 4394 432 4451 1903,
451 4398 476 4452 p.
500 4395 539 4449 13.
