3142 4875
615 366 718 417 nenti
747 368 933 416 Fttaxctsct
1261 367 1272 415 1
1289 368 1330 436 13

214 476 624 485 -—-——-————-.-..
632 479 682 484 ...-
886 478 896 484 ο
1209 479 1271 485 —-.-
1283 480 1296 485 -

213 603 331 688 Deus,
353 599 449 673 filios
477 601 589 674 lsrael
617 600 940 674 benedictionibus
959 601 1160 698 ampliavit.
1220 602 1332 674 Curn-

214 734 289 805 que
317 733 340 781 a
368 706 525 780 sinistris
544 706 659 805 ipsius
679 708 859 780 resideret
888 709 1001 781 frater
1019 708 1158 792 Helias,
1181 708 1333 782 circum-

214 815 432 889 sedentibus
459 812 609 909 reliquis
638 813 729 897 filiis,
762 814 973 888 cancellatis
1002 814 1182 900 manibus,
1206 817 1333 890 dexte·

214 949 293 995 ram
314 923 438 1018 posuit
457 946 568 1017 super
587 937 698 1018 caput
717 920 808 1005 eius
831 938 870 994 et
889 922 1117 994 exteriorum
1137 924 1330 995 oculorum

166 1065 183 1128 5
213 1028 352 1102 lumine
381 1028 546 1125 privatus
573 1046 612 1101 et
639 1054 726 1101 usu:
755 1028 878 1124 Super
906 1053 1028 1125 quem,
1060 1028 1189 1125 inquit,
1220 1046 1332 1103 teneo

214 1136 408 1208 dexteram
439 1134 582 1207 meam?
639 1135 761 1232 Super
790 1137 938 1207 fratrem
967 1134 1126 1218 Heliam,
1149 1135 1330 1233 inquiunt.

205 1232 276 1315 Sic
304 1259 342 1314 et
369 1267 445 1339 ego
474 1240 570 1323 volu,
609 1240 670 1315 ait.
736 1241 805 1323 Te,
837 1241 963 1338 inquit,
1005 1242 1063 1319 fili.
1095 1243 1130 1314 in
1160 1243 1333 1316 omnibus

214 1366 252 1421 et
280 1374 347 1446 per
374 1348 500 1421 omnia
529 1349 722 1433 benedicn,
753 1365 791 1421 et
811 1349 904 1422 sicut
924 1348 959 1421 in
982 1348 1152 1423 manibus
1171 1350 1244 1422 tuis
1265 1352 1332 1422 lra-

213 1470 290 1528 tres
328 1481 431 1528 meos
459 1472 498 1528 et
525 1453 620 1527 filios
654 1455 913 1553 augmentavit
949 1455 1173 1537 Altissimus,
1212 1456 1262 1529 ita
1294 1473 1333 1528 et

143 1595 184 1640 ro
214 1580 379 1660 superte
397 1578 436 1634 et
465 1561 500 1634 in
520 1578 557 1633 te
579 1563 752 1635 omnibus
782 1563 975 1635 benedico
1033 1564 1073 1634 ln
1104 1561 1207 1636 caelo
1235 1579 1273 1636 et
1292 1562 1329 1635 in

213 1686 313 1743 terra
341 1668 539 1742 benedicat
558 1685 595 1741 te
619 1694 685 1741 rex
713 1670 879 1741 omnium
909 1669 1025 1742 Deus.
1084 1670 1274 1743 Benedico
1295 1688 1331 1743 te

212 1777 309 1849 sicut
337 1801 500 1873 possum,
537 1792 574 1848 et
615 1775 811 1872 plusquam
851 1801 1015 1870 possum,
1053 1794 1091 1848 et
1126 1777 1227 1872 quod
1257 1802 1331 1849 non

213 1909 367 1980 possum
395 1908 469 1981 ego
498 1882 615 1979 possit
640 1883 677 1954 in
704 1899 742 1954 te
763 1881 826 1977 qui
852 1881 976 1954 omnia
1003 1898 1137 1979 potest·
1195 1884 1332 1955 Recor-

213 1990 323 2063 detur
351 1989 457 2062 Deus
485 1989 609 2085 operis
638 2006 675 2061 et
702 1989 840 2061 laboris
868 1988 932 2072 tui,
963 2007 1002 2061 et
1028 1990 1064 2060 in
1089 1989 1331 2062 retributione

141 2131 180 2194 ¹5
214 2098 395 2169 iustorum
415 2120 495 2168 sors
516 2114 578 2169 tua
598 2112 776 2169 servetur.
837 2096 1000 2168 Omnem
1016 2096 1327 2176 benedictionem.

214 2229 326 2300 quarn
356 2205 470 2299 cupis,
511 2202 689 2288 invenias,
728 2219 765 2274 et
793 2203 895 2298 quod
924 2203 1039 2299 digne
1068 2203 1235 2303 postulas
1264 2203 1333 2274 im·

214 2312 369 2407 pleatur.
428 2309 569 2393 Valete,
601 2308 664 2381 filii
693 2334 835 2391 omnes
867 2310 903 2380 in
924 2310 1056 2382 timore
1085 2310 1168 2393 Dei,
1194 2326 1232 2382 et
1251 2332 1332 2407 per-

215 2433 363 2492 manete
392 2416 428 2489 in
463 2417 544 2515 ipso
576 2442 735 2512 semper,
768 2417 945 2513 quoniam
975 2418 1097 2490 lutura
1131 2432 1188 2507 est
1220 2443 1333 2514 super

216 2550 281 2598 vos
323 2525 480 2597 tentatio
522 2524 693 2604 maxima,
738 2542 777 2596 et
818 2522 1006 2596 tribulatio
1042 2522 1328 2621 appropinquat.

137 2662 183 2707 20
215 2632 358 2704 Felices
387 2632 449 2727 qui
481 2632 516 2702 in
546 2632 615 2704 hiis
648 2656 745 2726 quae
782 2648 987 2726 coeperunt
1024 2633 1327 2727 perseverabunt,

213 2738 385 2833 aquibus
408 2737 602 2810 nonnullos
621 2737 742 2809 futura
757 2738 931 2811 scandala
952 2740 1189 2834 separabunt.
1247 2739 1332 2836 Ego
1390 2781 1392 2790 ·

213 2846 310 2918 enim
331 2846 379 2917 ad
409 2844 613 2917 Dominum
642 2869 813 2940 propero,
836 2846 940 2917 etad
970 2845 1094 2917 Deum
1120 2871 1255 2928 meum,
1274 2846 1332 2917 cui

213 2952 349 3024 devote
368 2952 405 3023 in
425 2951 553 3048 spiritu
585 2976 669 3023 meo
688 2950 834 3037 servivi,
857 2952 929 3024 ianr
954 2952 1006 3024 ire
1026 2952 1184 3025 confido.
1242 2953 1334 3025 Erat

214 3076 300 3131 tunc
320 3059 499 3155 temporis
528 3083 683 3130 manens
711 3057 747 3130 in
768 3057 906 3153 palatio
935 3058 1133 3132 Assisinati
1152 3059 1330 3157 episcopi,

138 3194 180 3256 25
213 3180 251 3236 et
279 3181 477 3262 propterea
505 3165 652 3261 rogavit
680 3164 822 3247 fratres
854 3183 893 3235 ut
922 3190 1007 3237 eum
1028 3167 1075 3238 ad
1096 3164 1218 3239 locum
1242 3166 1333 3239 San·

214 3287 295 3345 ctae
315 3270 457 3344 Mariae
486 3273 534 3344 de
558 3271 796 3344 Portiuncula
824 3272 1001 3344 citissime
1024 3289 1331 3369 transportarent.

213 3377 375 3451 Volebat
402 3379 500 3451 enim
539 3378 587 3451 ibi
625 3377 789 3450 animam
819 3378 975 3451 reddere
1005 3380 1101 3465 De0,
1132 3381 1205 3464 ubi,
1237 3382 1334 3454 sicut

213 3485 351 3558 dictum
372 3503 438 3566 est,
461 3484 581 3582 primo
600 3486 766 3582 perfecte
786 3484 884 3557 viam
904 3485 1069 3558 veritatis
1088 3488 1256 3584 agnovit.

287 3711 308 3749 t.
328 3697 357 3749 ,tl
376 3693 436 3747 filiis
487 3694 721 3747 Pbenedictlonis
773 3695 804 3746 ,tl
822 3712 870 3748 om.
890 3694 1030 3764 ampliavit
1106 3714 1125 3762 5.
1146 3699 1208 3764 usu]
1231 3698 1257 3749 H
1275 3698 1332 3749 visu

214 3774 237 3830 6.
254 3776 298 3830 As
312 3794 361 3829 om.
377 3776 517 3828 dexteram
591 3790 615 3843 7.
630 3774 676 3844 ait]
693 3775 885 3846 0x,Pinquit
941 3776 1029 3828 Hom.
1043 3775 1080 3827 lili
1154 3779 1177 3830 8.
1193 3779 1227 3830 tls
1243 3795 1289 3828 ont.
1308 3791 1333 3830 et

214 3864 269 3908 ante
283 3873 329 3924 per
380 3855 438 3925 per]
454 3855 576 3925 Msuper
624 3856 819 3923 tu³s]()smeis
893 3872 917 3922 o.
931 3856 978 3908 AS
989 3874 1037 3909 om.
1052 3858 1086 3908 ira
1101 3868 1126 3908 et
1203 3858 1336 3922 ro..ll,P

214 3935 241 3987 in
260 3937 386 3988 omnibus
477 3949 515 3999 14.
536 3933 721 4003 retributione]
741 3935 786 3988 As
804 3934 975 3987 tribulatione
1067 3937 1104 3988 r(.
1125 3936 1165 3998 H,
1188 3937 1221 3988 (ls
1241 3938 1334 4005 cupias

218 4016 256 4068 18.
275 4017 345 4086 ipso]
367 4018 386 4071 R
406 4015 518 4070 Christo
595 4031 632 4085 19.
652 4016 802 4083 tribulatio]
824 4015 1001 4068 Rretributio
1077 4032 1171 4085 19-20.
1192 4018 1332 4085 appropin-

215 4107 284 4165 quat.
299 4095 413 4165 Felices]
428 4097 474 4149 AS
485 4096 710 4167 Appropinquent
725 4096 758 4148 ad
772 4096 861 4148 Deum
876 4095 967 4148 felices
1042 4111 1083 4148 21.
1097 4113 1111 4147 a
1125 4096 1220 4164 quibus
1232 4125 1245 4133 -
1257 4112 1334 4164 sepa-

215 4176 306 4228 rabunt
325 4195 373 4230 om.
394 4176 453 4241 AS,
471 4175 507 4242 E,
525 4176 562 4238 L,
584 4176 632 4241 05,
655 4177 697 4230 Ox
769 4190 811 4240 24.
832 4175 861 4229 R.
882 4175 1039 4227 Assisinatis
1093 4177 1127 4229 Or
1145 4194 1194 4228 ont.
1214 4177 1333 4246 episcopi

216 4254 308 4321 25-26.
328 4257 357 4310 H
374 4269 403 4308 ut
423 4257 455 4309 ad
476 4255 569 4308 locum
589 4255 691 4308 Mariae
711 4272 773 4309 eum
793 4255 826 4307 de
847 4256 875 4308 P.
955 4253 997 4308 26.
1018 4255 1075 4319 As,
1097 4257 1116 4308 R
1136 4273 1184 4308 om.
1205 4256 1333 4309 citissime

215 4335 272 4398 AS,
286 4336 315 4389 H
325 4337 497 4406 deportarent
570 4336 610 4389 28.
626 4336 656 4389 H
667 4353 714 4391 om.
728 4335 817 4405 primo
832 4333 948 4404 perfecte
991 4333 1118 4403 perfecte]
1136 4335 1155 4386 P
1168 4333 1332 4404 perfectione

295 4622 311 4673 8
