3142 4875
613 365 892 415 PROLEGOMENA
1239 362 1314 412 XVII

258 587 304 654 Ex
327 611 365 655 eo
385 587 476 676 quod
493 586 534 654 ad
550 588 681 674 patriam
698 586 825 654 redierit
844 609 910 653 non
931 586 1075 673 sequitur
1094 585 1184 652 illum
1201 585 1313 652 Assisii

191 693 315 782 degisse
338 714 608 781 praesentemque
627 691 723 760 fnisse
739 712 885 779 tempore
903 694 1015 759 mortis
1035 692 1117 759 beati
1136 693 1313 772 francisci;

191 822 280 882 nam,
292 804 336 868 uti
354 801 436 868 bene
457 800 685 867 animadvertit
706 800 844 880 Rinaldi,
863 800 1041 867 «Thomas
1062 799 1171 866 dicens
1187 799 1236 888 (p.
1255 819 1311 884 91:

192 909 241 997 8),
265 930 299 974 se
322 907 501 976 describere
519 926 588 976 tota
611 925 698 996 parte
723 906 863 975 secunda
887 906 985 996 (Leg.
1010 909 1043 996 l)
1071 906 1196 973 obitum
1232 906 1314 973 beati

190 1015 352 1082 Francisci
376 1034 408 1082 et
432 1033 523 1102 gesta
547 1034 619 1083 ante
644 1013 725 1081 duos
749 1037 864 1093 annos,
889 1034 985 1102 prout
1008 1016 1110 1101 potuit
1134 1015 1313 1090 recitante,

189 1121 311 1188 indicat
334 1144 391 1210 per
421 1122 499 1188 illud
527 1142 654 1210 tempus
687 1145 703 1186 a
727 1122 827 1188 sancti
857 1123 951 1210 patris
984 1121 1161 1209 praesentia
1188 1143 1315 1209 semper

189 1225 330 1295 abfuisse
345 1229 422 1292 ».(¹>
468 1228 516 1294 lta
540 1225 689 1294 facillime
713 1228 912 1314 explicantur
937 1250 1030 1316 quae,
1051 1228 1096 1294 uti
1121 1226 1314 1316 quibusdam

188 1333 290 1413 lubet,
315 1334 422 1401 minus
446 1352 556 1401 exacte
579 1333 619 1400 de
644 1354 747 1401 morte
771 1334 946 1401 beatissimi
970 1335 1028 1399 viri
1054 1334 1168 1414 tetulit,
1194 1333 1249 1400 sed
1274 1333 1313 1401 de

187 1442 252 1509 hiis
271 1439 373 1509 fusius
401 1443 459 1508 etit
487 1440 671 1508 dicendum.
706 1442 778 1508 Alia
799 1462 905 1509 autem
923 1443 1034 1530 opinio
1051 1443 1145 1509 unice
1165 1440 1315 1510 fundatur

187 1572 287 1636 super
312 1547 407 1615 verba
429 1570 511 1636 qnae
534 1548 567 1615 in
597 1547 741 1615 Tractatu
765 1549 988 1615 Miramlorum
1011 1548 1171 1635 leguntur,
1196 1547 1249 1614 ubi
1273 1547 1313 1616 de

187 1653 405 1744 Stigmatibus
439 1655 539 1722 sancti
572 1655 749 1721 Francisci:
779 1654 959 1720 «Vidimus
983 1656 1042 1721 ista
1065 1655 1119 1743 qui
1148 1655 1207 1721 ista
1237 1653 1315 1721 dici·

187 1784 344 1829 mus...»
373 1760 420 1851 (p.
439 1782 520 1847 345:
545 1761 617 1850 27);
633 1760 667 1812 (²)
690 1759 757 1843 sed,
782 1782 858 1826 meo
883 1760 1014 1846 iudicio,
1038 1759 1117 1827 haec
1140 1757 1244 1827 forma
1267 1760 1313 1827 lo-

186 1869 323 1959 quendi,
347 1891 410 1957 qna
432 1868 549 1957 pluries
570 1871 601 1935 in
619 1868 697 1956 Leg.
717 1868 748 1935 ll
774 1869 882 1947 utitur,
899 1890 966 1934 non
987 1868 1105 1934 indicat
1124 1869 1313 1953 scriptorem

186 1977 288 2044 fuisse
323 1994 439 2042 testem
476 1974 649 2041 ocularent.
710 1976 763 2040 Bis
799 1976 885 2041 eninr
924 1974 1002 2040 haec
1037 1973 1133 2039 verba
1169 1973 1313 2039 adhibet:

191 2103 381 2171 «quantum
407 2082 508 2149 oculis
532 2081 703 2148 vidimus»
734 2081 781 2170 (p.
807 2103 890 2166 240:
916 2081 987 2170 21),
1017 2107 1032 2141 «
1050 2099 1084 2148 ut
1108 2080 1210 2147 oculis
1234 2079 1313 2147 uidi·

187 2212 294 2257 musu
315 2189 363 2279 (p.
381 2195 465 2275 267:
484 2185 533 2276 7),
558 2209 588 2255 et
611 2188 725 2255 saltem
749 2188 850 2275 prima
869 2190 939 2254 vice
956 2187 1105 2253 Thomas
1130 2210 1195 2254 non
1220 2186 1314 2254 refert

185 2318 271 2384 quae
294 2297 363 2384 ipse
387 2294 480 2373 vidit,
504 2293 559 2360 sed
583 2317 665 2382 quae
697 2294 775 2361 socii
805 2294 974 2360 familiares
1001 2292 1192 2381 quotidiano
1223 2313 1313 2358 com·

187 2403 311 2471 mercio
324 2421 495 2471 noverant.
544 2400 688 2481 Quando
705 2399 744 2468 de
756 2423 790 2468 se
805 2402 875 2490 ipso
889 2400 1029 2490 loquitur
1040 2400 1191 2490 singulari
1209 2399 1312 2469 forma

142 2584 146 2595 ,
186 2511 280 2578 dicit:
310 2509 416 2592 nvidi,
440 2529 574 2578 testatus
598 2529 646 2577 est
670 2510 789 2576 mihi».
814 2512 849 2563 (³)

257 2617 395 2684 Facilius
420 2617 545 2684 admitti
568 2635 675 2705 potest
692 2616 843 2683 Thomae
863 2617 1039 2704 praesentia
1056 2615 1312 2683 solemnitatibus

187 2724 443 2792 canonizationis
473 2726 574 2793 sancti
598 2725 766 2805 francisci,
792 2726 914 2804 Assisii‚
943 2728 982 2790 16
1006 2725 1078 2791 Iulii
1109 2726 1200 2805 1228,
1232 2724 1312 2792 cele·

186 2831 296 2913 bratis,
325 2851 357 2898 et
380 2851 467 2914 tnnc,
492 2832 517 2898 si
537 2855 604 2899 non
628 2850 730 2909 antea,
755 2854 854 2919 quum
881 2828 1000 2897 fiebant
1019 2828 1058 2896 de
1079 2830 1130 2896 illa
1147 2833 1313 2898 canoniza-

185 2941 277 3006 tione
302 2939 502 3019 collationes,
521 2941 642 3027 actepit
662 2960 679 3002 a
700 2939 859 3025 Gregorio
876 2937 925 3004 IX
945 2937 1134 3004 mandatum
1154 2937 1312 3005 scribendi

185 3049 289 3114 vitam
320 3046 473 3134 seraphici
502 3047 614 3113 Patris.
669 3045 764 3134 Opus
794 3070 888 3113 sunm
925 3045 1096 3133 perfecerat
1126 3067 1237 3113 mense
1266 3044 1311 3111 f·

187 3152 316 3221 bruario
335 3174 430 3240 1229,
445 3153 533 3241 quod
548 3173 624 3221 tunc
640 3151 757 3219 obtulit
768 3154 908 3220 Summo
924 3152 1083 3233 Pontifici,
1099 3152 1186 3219 iuxta
1199 3172 1311 3220 notam

185 3284 270 3349 qnae
294 3260 409 3347 legitur
428 3261 460 3326 in
486 3259 596 3326 codice
620 3259 774 3326 Parisino

255 3370 354 3434 Anno
377 3366 523 3454 sequenti
547 3365 647 3432 adfuit
674 3366 874 3432 translationi
907 3365 1047 3451 corporis
1080 3365 1189 3432 Sancti
1213 3365 1312 3431 Fran-

187 3474 275 3553 cisci,
295 3495 371 3539 nam
395 3490 468 3560 post
485 3471 668 3560 Capitulum
694 3491 770 3539 tunc
796 3471 988 3538 celebratum
1009 3471 1166 3539 Iordanus
1186 3473 1311 3553 alano,

187 3652 289 3705 dicono
308 3651 334 3704 le
353 3650 489 3706 Croniche
502 3669 550 3705 ms.
565 3652 635 3705 della
655 3652 797 3705 Provincia
818 3652 996 3722 d'rlrgentina
1010 3670 1032 3715 »3
1052 3652 1088 3704 ita
1103 3651 1134 3705 cl.
1152 3652 1180 3704 P.
1203 3650 1311 3717 Parim,

186 3740 287 3809 Noliric
304 3742 385 3794 sicurc
403 3740 466 3794 dalla
479 3748 567 3803 morie,
581 3741 714 3810 sepoliura,
730 3742 936 3809 cunoniazurione
955 3759 967 3793 a
987 3740 1135 3809 traslazione
1150 3740 1176 3792 di
1188 3740 1213 3793 S.
1226 3740 1310 3792 Fran·

188 3846 254 3883 cetco
272 3828 417 3883 d’Arsisi...
436 3829 565 3882 Edizione
584 3829 711 3892 secanda,
726 3828 852 3896 fuligno,
872 3830 947 3894 1824,
965 3848 989 3900 p.
1013 3844 1069 3883 120.
1107 3830 1160 3883 Sed
1182 3828 1228 3882 illa
1246 3845 1309 3882 con·

188 3918 276 3974 clusio
296 3922 376 3972 unice
391 3922 491 3973 eruitur
510 3937 525 3974 e
539 3919 648 3973 silentio
665 3918 862 3980 chronicarum
878 3920 1057 3991 antiquarum,
1075 3921 1111 3972 uti
1126 3919 1193 3971 mihi
1204 3921 1310 3989 scripsit

187 4008 216 4064 P.
236 4009 375 4063 Hilarinus
396 4008 499 4073 Felder,
517 4009 563 4079 qni
582 4008 626 4061 illa
653 4007 795 4062 Chronica
815 4025 891 4077 prov.
912 4010 1088 4078 Argentinae,
1114 4025 1230 4078 quorum
1252 4008 1309 4078 plu·

188 4097 258 4151 rima
277 4111 339 4151 sunt
359 4098 517 4169 apographa
536 4098 669 4169 (Friburgi
689 4110 805 4169 quatuor
823 4099 998 4151 adservantur
1015 4099 1084 4168 apud
1099 4099 1165 4152 Min.
1183 4099 1310 4154 Conven-

188 4185 296 4252 tnales)‚
315 4184 459 4256 diligenter
477 4198 504 4238 et
522 4186 655 4239 benevole
674 4185 799 4255 inspexit.

260 4277 303 4344 (t)
323 4275 354 4328 ln
370 4275 489 4330 editione
509 4275 709 4346 Legendarum,
729 4293 753 4345 p.
773 4290 812 4329 tx.

260 4365 302 4432 (a)
322 4364 445 4418 Analecta
464 4364 641 4428 bollandiana,
656 4378 724 4417 tom.
744 4363 846 4426 XVlll,
866 4382 891 4435 p.
911 4364 953 4435 89.

261 4453 303 4523 (3)
323 4451 367 4506 Cf.
387 4471 413 4524 p.
434 4454 496 4522 348:
517 4469 564 4518 213
585 4468 649 4524 377:
673 4470 712 4524 13.
