3142 4875
222 662 484 758 [Tentamento
503 684 594 754 quoe
605 669 743 753 possus
763 668 815 729 est
835 659 875 728 r'n
895 659 1053 753 quodam
1078 659 1150 731 loco'
1167 660 1337 731 solitario

295 787 329 848 ot
349 776 421 874 [de]
446 776 585 846 visione
602 774 797 844 cuiusdam
803 772 982 871 fratres}
1040 773 1254 846 LXXXVI.

303 1011 385 1058 122.
409 986 573 1059 Devenit
592 985 792 1081 aliquando
813 1001 964 1058 sanctus
984 1012 1068 1058 cum
1089 987 1191 1059 socio
1211 987 1259 1059 ad
1280 1013 1338 1061 ec·

217 1093 366 1166 clesiam
387 1093 587 1190 quamdam
607 1093 722 1190 longe
741 1093 789 1164 ab
810 1091 1040 1165 habitatione
1060 1093 1184 1176 sitam;
1202 1110 1240 1166 et
1255 1096 1338 1167 soli·

170 1223 187 1287 5
216 1200 346 1272 sariam
366 1199 572 1273 orationem
594 1200 726 1271 offerre
747 1198 902 1295 cupiens
921 1200 1176 1295 a[d]m0[n]et
1194 1200 1336 1274 socium

216 1307 360 1392 dicens:
392 1305 547 1384 Vellem.
572 1307 693 1390 frater,
716 1305 774 1377 hic
805 1305 905 1378 solus
934 1310 1003 1379 hac
1034 1324 1143 1379 nocte
1172 1333 1334 1381 manere.

217 1414 323 1486 Vade
343 1415 390 1485 ad
420 1411 602 1507 hospitale
623 1430 660 1483 et
679 1414 727 1484 ad
757 1438 817 1485 me
837 1439 984 1485 summo
1005 1439 1114 1486 mane
1135 1431 1334 1488 revertere.

217 1520 312 1592 Cum
334 1545 426 1617 ergo
446 1520 547 1592 solus
566 1520 782 1616 persisteret
802 1519 991 1593 orationes
1010 1521 1144 1617 longas
1163 1547 1207 1594 ac
1226 1522 1337 1595 devo·

216 1626 377 1699 tissimas
407 1624 571 1699 Domino
610 1626 778 1709 fundens
816 1626 1065 1723 circumspicit
1093 1629 1244 1700 tandem
1275 1630 1336 1701 ubi

148 1754 187 1801 10
217 1749 329 1830 caput
355 1734 404 1806 ad
424 1732 685 1806 dormiendum
713 1732 879 1805 reclinet.
937 1735 986 1805 Et
1014 1734 1138 1806 subito
1166 1737 1338 1808 turbatus

216 1840 357 1936 spiritu,
394 1865 531 1935 pavere
567 1855 606 1911 et
642 1841 796 1911 taedere
829 1840 963 1934 coepit,
986 1865 1143 1936 corpore
1172 1868 1261 1914 vero
1290 1868 1338 1913 ex

217 1946 316 2018 omni
336 1962 442 2042 parte
463 1962 710 2023 contremere.
766 1946 961 2018 Sentiebat
989 1943 1129 2042 liquido
1150 1955 1278 2020 contra
1298 1975 1338 2019 se

174 2129 176 2134 ,
217 2054 419 2125 diabolicas
449 2053 762 2149 impugnationes,
786 2068 1057 2148 supertectum
1088 2079 1175 2125 vero
1205 2054 1338 2126 domus

217 2175 385 2232 catervas
405 2157 631 2231 daemonum
653 2185 735 2230 cum
758 2158 913 2255 strepitu
935 2160 1198 2238 discurrentes,
1255 2161 1339 2233 Sur·

151 2286 187 2350 15
218 2267 313 2338 rexit
333 2267 458 2361 itaque
486 2267 667 2362 protinus,
689 2283 727 2337 et
751 2290 928 2362 egressus
958 2266 1055 2338 soras
1076 2267 1195 2339 crucis
1216 2268 1339 2364 signa-

217 2374 339 2446 culum
361 2371 470 2445 fronti
492 2372 708 2469 imprimens
728 2371 840 2445 dixit:
867 2372 925 2445 Ex
947 2390 1051 2470 parte
1071 2373 1338 2472 omnipotentis

217 2481 301 2564 Dei,
324 2481 408 2553 dico
428 2480 543 2563 vobis,
563 2482 778 2565 daemones,
802 2497 841 2553 ut
861 2480 1041 2577 quidquid
1062 2482 1168 2554 vobis
1188 2484 1339 2577 permis·

217 2614 298 2660 sum
327 2603 384 2659 est
417 2588 452 2659 in
483 2611 568 2659 meo
597 2612 753 2682 corpore
781 2586 934 2663 faciatis.
991 2587 1129 2661 Libens
1159 2588 1335 2673 sustine0,

217 2695 303 2789 quia
332 2720 416 2766 cum
446 2694 624 2767 maiorem
656 2694 844 2765 inimicum
875 2719 949 2766 non
978 2694 1137 2768 habeam
1167 2721 1335 2793 corpore,

147 2818 189 2865 20
216 2800 451 2874 vindicabitis
472 2802 598 2873 mede
626 2802 842 2873 adversario
867 2826 961 2883 meo,
985 2801 1073 2873 dum
1103 2801 1139 2874 in
1161 2803 1242 2899 ipso
1257 2803 1338 2876 vice

219 2906 289 2979 mei
317 2908 541 2980 exercebitis
562 2906 750 2980 ultionem.
811 2909 939 3003 Itaque
968 2907 1030 3004 qui
1060 2927 1213 3006 propter
1232 2910 1339 3006 spiri-

217 3031 293 3086 tum
310 3014 575 3087 deterrendum
596 3031 859 3093 convenerant.
878 3014 1047 3111 spiritum
1068 3017 1337 3113 promptiorem

218 3121 254 3192 in
283 3146 395 3193 carne
424 3120 568 3194 infirma
593 3138 800 3205 cernentes
823 3123 968 3217 pudore
997 3123 1139 3194 confusi
1170 3123 1338 3219 protinus

218 3245 458 3301 evanescunt.

151 3350 187 3415 25
305 3358 346 3406 12
354 3359 387 3427 3.
410 3335 525 3406 Mane
545 3335 642 3407 sacto
671 3334 868 3407 revertitur
887 3335 934 3406 ad
955 3361 1040 3407 eum
1069 3334 1202 3420 socius
1226 3353 1264 3408 et
1287 3337 1338 3408 in·

218 3442 372 3513 veniens
399 3458 570 3513 sanctum
600 3466 724 3513 coram
746 3439 851 3513 altari
881 3458 1117 3538 prostratum,
1142 3459 1339 3540 exspectat

217 3564 323 3621 extra
352 3548 517 3630 eborum,
541 3564 696 3643 oratque
717 3547 864 3620 interim
892 3547 972 3645 ipse
993 3574 1118 3620 coram
1139 3576 1250 3622 cruce
1272 3551 1339 3621 fer·

216 3672 356 3728 venter.
415 3655 464 3725 Et
479 3679 567 3726 ecce
583 3655 701 3726 sactus
717 3655 752 3726 in
768 3655 906 3727 exstasi
922 3655 1024 3727 videt
1039 3656 1133 3727 inter
1153 3659 1288 3728 multas
1303 3658 1339 3728 in

218 3760 320 3833 caelo
339 3762 449 3833 sedes
464 3786 576 3832 unam
596 3762 753 3833 caeteris
773 3762 994 3859 digniorem,
1014 3778 1181 3834 ornatam
1206 3764 1340 3858 pretio-

150 3884 189 3947 30
216 3866 266 3939 sis
281 3867 476 3964 lapidibus
494 3867 670 3963 omnique
686 3867 805 3964 gloria
820 3868 1129 3964 praefulgentem.
1183 3869 1342 3942 Miratur

218 3973 312 4046 intra
331 4001 371 4046 se
402 3973 563 4046 nobilem
585 3975 770 4059 thronum,
793 3994 831 4046 et
850 3974 954 4046 cuius
974 3975 1021 4046 sit
1040 3974 1174 4047 tacitus
1195 3992 1338 4071 pensat.

217 4080 334 4153 Audit
362 4081 458 4153 inter
491 4081 584 4152 haec
611 4106 743 4153 vocem
780 4082 968 4153 dicentem
1001 4081 1090 4153 sibi:
1124 4080 1243 4154 Sedes
1273 4083 1342 4156 ista

219 4187 325 4260 unius
355 4188 402 4260 de
431 4187 625 4260 ruentibus
662 4188 739 4271 tuit,
770 4204 808 4259 et
845 4214 942 4259 nunc
981 4187 1108 4260 humili
1138 4189 1341 4262 Francisco

290 4414 312 4451 2.
335 4398 366 4448 M
384 4416 433 4450 om.
453 4399 486 4450 de
565 4413 585 4465 5.
606 4401 629 4451 A
650 4412 757 4451 amovet
835 4414 873 4451 11.
894 4401 917 4452 A
937 4400 1044 4469 spiritus
