3142 4875
250 351 323 420 3²²
627 350 799 400 tnosunn
822 350 992 425 sacuuua

247 587 294 658 ab
323 611 369 659 eo
397 586 601 659 revelatum
630 601 697 667 est,
737 584 785 658 de
815 585 937 657 suturo
965 585 1077 657 trahit
1111 583 1294 657 rationem
1328 598 1368 656 et

247 693 370 766 finem.
428 693 550 766 Verus
577 692 657 776 erit,
689 690 901 790 dignusque
930 691 1012 776 fide,
1045 690 1102 764 cui
1131 706 1273 775 natura,
1304 691 1367 763 lex

246 817 283 872 et
311 799 433 899 gratia
460 815 576 872 testes
604 815 723 872 erunt.

674 952 937 961 -—.—.-.———

433 1118 502 1191 De
531 1118 835 1216 pauperibus
863 1119 1178 1198 dominabus,

250 1280 452 1392 [Quomodo
470 1274 609 1360 volebat
612 1287 765 1382 fratres
778 1288 995 1360 conuersari
1008 1313 1090 1359 cum
1109 1279 1189 1395 eis}
1249 1287 1362 1361 CLV.
1399 1317 1418 1381 5

329 1524 414 1591 ²04·
445 1498 654 1597 Spirituaiis
681 1498 839 1573 aedificii
870 1499 1098 1583 memoriam,
1128 1498 1244 1573 multo
1266 1499 1367 1572 nobi-

245 1607 374 1680 liorem
403 1608 451 1680 ab
480 1608 541 1680 illa
569 1623 717 1679 terrena
745 1632 857 1703 quam
887 1607 1020 1680 beatus
1039 1623 1145 1705 pater
1164 1623 1251 1704 post
1270 1607 1366 1679 illius

245 1713 445 1787 materialis
472 1714 654 1787 ecclesiae
683 1712 957 1810 reparationem
986 1712 1022 1786 in
1052 1732 1297 1812 augmentum
1318 1715 1366 1785 ci-

243 1822 369 1894 vitatis
397 1846 591 1918 supernae,
623 1821 761 1918 Spiritu
792 1820 931 1893 Sancto
950 1821 1117 1905 ductore,
1140 1820 1201 1893 illo
1226 1823 1261 1893 in
1281 1822 1366 1894 loco

245 1926 410 2013 instituit,
443 1954 517 2001 non
545 1926 700 2024 expedit
736 1926 883 1999 silentio
911 1928 1126 2024 praeterire.
1183 1928 1270 2001 Non
1308 1944 1366 2000 est
1398 1955 1442 2002 10

247 2036 474 2109 credendum
503 2035 605 2132 quod
634 2060 702 2131 pro
731 2032 896 2131 perituro
917 2051 963 2107 et
992 2034 1130 2107 labenti
1160 2059 1275 2130 opere
1311 2060 1365 2107 re-

245 2143 413 2239 parando
441 2143 490 2215 de
518 2141 621 2240 ligno
650 2140 770 2214 crucis
789 2141 857 2213 sibi
880 2142 1025 2213 locutus
1045 2140 1155 2214 fuerit
1180 2141 1362 2224 Christus,

245 2251 356 2321 modo
386 2249 514 2345 utique
542 2249 595 2321 sic
623 2248 821 2343 stupendo,
853 2246 915 2343 qui
935 2248 1173 2321 audientibus
1192 2248 1363 2321 timorem

244 2355 373 2428 incutit
401 2371 439 2428 et
467 2353 634 2428 dolorem
663 2354 839 2433 immittit.
904 2354 990 2442 Sed,
1021 2354 1117 2427 sicut
1144 2354 1231 2427 olim
1261 2380 1365 2452 prae·

244 2464 389 2537 dixerat
417 2462 576 2560 Spiritus
604 2462 774 2549 Sanctus
810 2463 904 2535 ordo
936 2480 1148 2535 sanctarum
1177 2462 1363 2560 virginum
1397 2489 1436 2555 15

244 2571 291 2641 ibi
321 2570 484 2644 debebat
512 2568 662 2653 institui,
694 2570 757 2666 qui
785 2571 835 2643 ad
863 2569 1171 2642 restaurationem
1193 2568 1364 2642 caelestis

243 2679 387 2760 domus,
427 2676 528 2749 velut
563 2675 731 2749 vivorum
764 2676 928 2774 lapidum
958 2675 1123 2774 expolita
1152 2677 1360 2773 congeries,

243 2799 323 2857 erat
350 2783 551 2880 aliquando
580 2783 870 2857 transferendus.
928 2782 1068 2856 Verum
1099 2800 1297 2880 postquam
1327 2784 1363 2855 in

243 2890 325 2963 loco
353 2890 415 2964 illo
444 2891 643 2964 convenire
673 2906 879 2988 coeperunt
897 2891 1064 2988 virgines
1085 2890 1233 2975 Christi,
1259 2906 1297 2962 et
1316 2892 1364 2963 de

243 2998 399 3071 diversis
428 2998 555 3070 mundi
584 2997 751 3094 partibus
786 2997 1001 3095 aggregari,
1034 3022 1217 3070 summam
1255 2997 1364 3095 profi·
1393 3021 1439 3068 20

243 3120 365 3178 tentes
393 3104 660 3201 perfectionem
690 3105 726 3176 in
755 3105 994 3177 observantia
1016 3104 1247 3202 paupertatis
1266 3102 1364 3178 altis-

243 3212 369 3296 simae,
388 3237 432 3286 ac
460 3211 626 3285 omnium
655 3211 832 3284 virtutum
852 3213 1038 3293 decorem,
1062 3211 1148 3285 licet
1167 3229 1274 3308 pater
1293 3210 1364 3283 illis

243 3318 419 3415 paulatim
449 3345 554 3391 suam
584 3318 834 3415 praesentiam
868 3317 1100 3415 corporalem
1129 3319 1361 3415 subduxerit,

243 3425 416 3499 affectum
445 3442 571 3499 tamen
600 3426 636 3498 in
656 3425 794 3522 Spiritu
816 3425 955 3498 Sancto
974 3426 1022 3498 ad
1042 3424 1204 3522 ipsarum
1235 3451 1362 3497 curam

243 3535 422 3606 extendit.
481 3535 591 3618 Nam,
613 3559 697 3605 cum
720 3557 788 3629 per
806 3531 912 3628 plura
931 3557 1099 3605 summae
1124 3532 1363 3627 perfectionis
1393 3555 1434 3621 25

243 3657 466 3737 argumenta
489 3641 675 3737 probatas,
698 3656 849 3712 sanctus
878 3663 942 3712 eas
971 3639 1192 3737 cognoverit
1210 3664 1362 3711 omnem

244 3773 311 3842 pro
355 3748 505 3820 Christo
542 3763 690 3845 paratas
727 3746 911 3818 sustinere
949 3746 1127 3819 iacturam
1162 3763 1200 3818 et
1238 3744 1362 3818 subire

243 3855 419 3936 laborem,
451 3879 520 3926 nec
548 3880 571 3926 a
599 3854 736 3927 sanctis
758 3852 941 3925 mandatis
962 3854 1056 3926 veile
1080 3851 1281 3948 aliquando
1301 3853 1363 3925 de-

244 4067 329 4117 i'erus
350 4064 398 4117 erit
417 4064 567 4135 dignusque
587 4063 638 4116 fide
659 4063 669 4132 [
681 4101 907 4116 .............

244 4161 268 4196 cr
289 4146 373 4210 gratia
393 4157 474 4197 testes
493 4157 581 4197 erunt.

313 4259 375 4310 4-5.
397 4246 426 4296 M
444 4243 607 4295 dominabus
626 4256 651 4295 et
671 4242 810 4312 quomodo
887 4257 925 4293 1o.
946 4238 968 4291 P
985 4240 1121 4293 constituit
1205 4255 1244 4308 13.
1265 4238 1363 4309 quiJ'R

244 4325 313 4390 quod
381 4324 613 4389 14.Mom.sicut
677 4337 718 4374 22.
734 4324 763 4374 M
775 4322 874 4375 decore
912 4320 1055 4375 Rillarum
1116 4321 1361 4385 24-25.Acuram

244 4419 346 4471 semper
367 4403 486 4456 extendit
560 4401 602 4455 26.
623 4402 746 4471 omnem]
769 4405 799 4455 tr
818 4419 876 4455 esse
883 4421 892 4465 ;
920 4403 940 4455 R
960 4403 1086 4454 omnium
1164 4399 1205 4453 28,
1226 4402 1256 4453 M
1274 4399 1361 4453 sancti
