3142 4875
266 373 341 440 206
642 391 815 440 nucerium
842 390 1010 440 sacuuon

264 502 497 510 ——n-——w-
548 499 1386 508 ...pm—1..—

258 622 408 697 afflictis
430 648 579 720 semper
607 637 687 695 erat
715 621 959 719 compatiens
982 622 1125 718 absque
1147 646 1251 695 mora
1271 622 1388 719 prosi-

261 729 340 801 livit
368 730 415 803 de
444 729 559 810 asino,
592 744 630 801 et
658 726 740 800 fixis
769 728 805 800 in
836 745 935 802 terra
966 727 1126 825 genibus
1159 728 1302 825 palmas
1331 745 1389 802 te·

260 835 382 909 tendit
401 836 449 908 ad
471 836 626 918 caelum,
649 859 756 908 orare
777 860 851 907 non
872 860 1023 907 cessans
1051 836 1173 907 donec
1202 861 1242 908 se
1271 837 1388 908 sensit

261 942 445 1015 auditum:
478 943 640 1026 Festina,
671 939 790 1038 inquit
808 941 856 1013 ad
885 942 1073 1022 rusticum,
1097 959 1135 1013 et
1153 941 1225 1014 illic
1250 967 1387 1038 aquam

262 1047 442 1132 invenies,
473 1074 585 1145 quarn
610 1047 674 1120 tibi
696 1048 765 1120 hac
787 1048 879 1120 hora
908 1047 1196 1121 misericorditer
1216 1048 1388 1120 Christus
1418 1075 1436 1140 5

263 1156 312 1228 de
327 1154 451 1252 lapide
464 1156 664 1227 bibendam
678 1154 866 1251 produxit.
915 1152 1109 1251 Stupenda
1119 1152 1192 1227 Dei
1204 1154 1384 1252 dignatio

263 1288 361 1360 quae
381 1261 498 1333 servis
518 1262 594 1333 suis
612 1278 688 1333 tam
710 1260 814 1334 facile
835 1287 875 1334 se
891 1260 1054 1333 inclinat!
1112 1261 1211 1334 Bibit
1230 1260 1388 1333 rusticus

264 1393 400 1464 aquam
421 1368 468 1439 de
488 1385 595 1464 petra
614 1367 754 1440 orantis
774 1368 921 1451 virtute,
944 1383 982 1440 et
1001 1367 1176 1463 poculum
1196 1366 1318 1440 hausit
1338 1367 1387 1440 de

263 1499 357 1547 saxo
389 1474 598 1546 durissimo.
655 1474 793 1570 Aquae
821 1475 1000 1546 decursus
1029 1474 1167 1546 ibidem
1195 1490 1283 1546 ante
1313 1498 1387 1546 non

264 1581 341 1665 suit,
365 1606 444 1664 nec,
468 1597 508 1653 ut
527 1598 585 1653 est
603 1581 804 1677 diligenter
822 1580 1043 1677 quaesitum,
1065 1579 1244 1676 deinceps
1265 1581 1388 1678 potuit
1421 1604 1461 1651 ro

264 1685 431 1759 inveniri.
491 1687 593 1781 Quid
622 1688 814 1760 mirumsi
843 1703 973 1760 sancto
1003 1686 1140 1784 Spiritu
1175 1687 1308 1783 plenus
1337 1689 1387 1758 iu·

262 1811 404 1866 storum
434 1795 598 1866 omnium
633 1809 890 1890 repraesentat
919 1793 955 1865 in
985 1820 1025 1864 se
1053 1810 1163 1890 gesta
1192 1793 1387 1866 miranda?

263 1901 361 1972 Nam
390 1900 452 1997 qui
482 1899 653 1997 specialis
686 1901 830 1998 gratiae
868 1925 1022 1972 munere
1058 1900 1209 1972 Christo
1238 1899 1388 1973 coniun-

264 2005 374 2104 gitur,
406 2033 480 2079 non
512 2032 690 2104 magnum
724 2007 753 2078 si
788 2032 872 2078 cunr
906 2006 1057 2102 reliquis
1086 2006 1224 2079 sanctis
1256 2006 1389 2079 similia

264 2129 454 2210 operatur.
1424 2135 1460 2201 15

306 2406 379 2505 [De
397 2405 557 2479 avz'culz's
576 2405 621 2477 ab
642 2407 718 2502 ipso
737 2406 898 2478 nutritis
916 2432 1074 2503 quorum
1095 2432 1193 2479 unus
1207 2417 1362 2502 propter

431 2523 638 2592 avaritiam
658 2532 809 2594 mortem
839 2522 1031 2620 incurrit}
1090 2521 1227 2593 XVlll.

348 2758 409 2826 47.
428 2734 594 2807 Sedebat
608 2735 656 2808 ad
673 2760 840 2807 mensam
857 2761 941 2807 cum
958 2735 1131 2807 iratribus
1146 2734 1207 2807 die
1227 2734 1390 2832 quadam

266 2846 399 2915 beatus
419 2842 657 2924 Franciscus;
679 2840 845 2915 aviculae
873 2844 1059 2937 quaedam
1081 2867 1160 2914 mas
1189 2858 1227 2914 et
1253 2840 1391 2912 femina
1487 2894 1491 2899 ,

265 2947 429 3031 veniunt,
461 2963 499 3020 et
530 2973 709 3020 novorum
738 2947 962 3021 educatione
996 2964 1167 3020 natorum
1197 2946 1387 3029 sollicitae,
1420 2969 1462 3015 20

267 3056 314 3128 de
345 3080 474 3126 mensa
503 3052 618 3126 sancti
640 3054 807 3151 quotidie
831 3056 947 3127 micas
967 3080 1035 3151 pro
1055 3071 1143 3126 voto
1171 3053 1387 3150 suscipiunt.

268 3161 442 3234 Exsultat
470 3176 620 3233 sanctus
651 3162 686 3233 in
716 3161 861 3249 talibus,
884 3160 1071 3234 blanditur
1091 3160 1160 3233 illis
1180 3179 1220 3233 ut
1238 3160 1388 3243 assolet,

268 3286 307 3340 et
335 3270 383 3341 de
412 3266 591 3339 industria
625 3266 680 3340 eis
715 3268 823 3340 offert
859 3293 1058 3340 annonam.
1126 3268 1199 3340 Die
1228 3267 1390 3363 quadam

268 3391 376 3472 pater
403 3390 441 3447 et
470 3390 589 3446 mater
617 3373 711 3446 lilios
730 3374 890 3447 offerunt
919 3373 1102 3455 fratribus,
1125 3374 1231 3470 quasi
1261 3398 1391 3446 eorum

270 3481 429 3554 nutritos
457 3479 644 3577 expensis
680 3498 718 3554 et
750 3480 989 3578 assignantes
1025 3481 1184 3578 pullulos
1218 3480 1391 3553 fratribus
1421 3501 1460 3566 25

269 3589 365 3661 ultra
394 3613 467 3660 non
495 3603 679 3684 apparent
699 3588 734 3659 in
755 3588 849 3660 loco
907 3588 1178 3661 Mansuescunt
1197 3587 1286 3683 pulli
1307 3611 1392 3658 cum

268 3695 451 3778 iratribus,
482 3710 678 3767 eteorum
708 3695 879 3767 manibus
906 3694 1121 3780 insidentes,
1153 3719 1227 3767 non
1261 3710 1303 3766 ut
1331 3693 1392 3764 ho·

267 3802 383 3898 spites
411 3803 479 3874 sed
508 3816 549 3873 ut
575 3799 725 3874 accolae
746 3817 943 3875 versantur
970 3801 1007 3874 in
1037 3802 1160 3874 dom0.
1218 3798 1395 3873 Saecula-

267 3909 362 3981 rium
382 3908 575 3981 hominum
594 3908 783 3980 declinant
801 3924 1005 4005 aspectum,
1023 3925 1061 3981 et
1076 3909 1229 3981 fratrum
1249 3922 1393 3981 tantum

268 4041 309 4089 se
338 4015 559 4112 profitentur
586 4015 767 4088 alumnos.
841 4016 1029 4089 Observat
1065 4015 1136 4088 hoc
1174 4030 1325 4086 sanctus
1357 4026 1395 4084 et
1425 4033 1464 4099 30

269 4138 405 4218 stupet,
441 4123 648 4217 fratresque
677 4122 809 4195 invitat
840 4122 889 4194 ad
917 4122 1116 4220 gaudium:
1149 4121 1295 4205 Videte,
1330 4117 1392 4203 ait,

271 4228 361 4325 quid
391 4229 521 4301 fratres
543 4229 658 4301 nostri
678 4228 917 4325 pectusrubei
937 4230 1101 4312 fecerint,
1125 4228 1231 4325 quasi
1251 4225 1395 4299 ratione

348 4452 372 4503 7.
391 4438 605 4508 tam]unam
682 4452 721 4504 14.
739 4437 773 4507 si]
796 4437 881 4493 Rsed
956 4452 996 4507 32·
1015 4436 1109 4507 nostri]
1131 4437 1234 4491 Mmei
