3142 4875
562 380 667 428 BEATI
695 377 882 429 FRANCISCI
1235 375 1278 447 15

152 612 213 684 vix
241 613 417 686 auderet.
477 612 605 698 Cibus,
637 611 667 685 si
704 612 857 710 quando
885 611 1053 697 dabatur,
1085 610 1123 684 in
1151 612 1282 687 foveae

153 718 297 792 occulto
327 720 473 792 edebat
501 745 597 804 eum,
630 735 668 792 et
696 717 968 792 clandestinum
1005 717 1039 791 ei
1076 743 1190 792 omne
1218 719 1283 793 im-

153 827 392 924 pendebatur
422 826 657 923 obsequium.
707 826 907 921 Oransque
927 826 1059 898 orabat
1077 824 1215 923 iugiter
1234 826 1283 901 la-

155 934 353 1006 crimarum
384 933 508 1006 imbre
535 934 715 1030 perfusus,
739 947 779 1005 ut
797 932 972 1006 liberaret
991 957 1077 1005 eum
1096 932 1283 1008 Dominus

113 1069 128 1134 5
154 1041 200 1113 de
228 1041 410 1114 manibus
437 1040 744 1137 persequentium
772 1039 935 1113 animam
964 1064 1082 1123 suam,
1104 1057 1142 1112 et
1160 1057 1202 1113 ut
1220 1042 1282 1138 pia

154 1162 239 1219 vota
266 1173 337 1220 sua
366 1147 538 1245 benigno
566 1148 693 1221 favore
722 1145 937 1242 compleret.
1009 1146 1050 1218 In
1079 1145 1216 1219 ieiunio
1245 1162 1283 1221 et

156 1253 250 1327 lietu'
268 1255 461 1327 exorabat
489 1253 724 1327 clementiam
753 1251 966 1335 Salvatoris,
988 1268 1027 1325 et
1054 1252 1102 1326 de
1130 1279 1199 1326 sua
1217 1252 1282 1327 dil·

156 1360 272 1434 fidens
291 1361 482 1434 industria
500 1377 621 1433 totum
637 1359 800 1434 iactabat
818 1359 855 1431 in
875 1359 1042 1432 Domino
1061 1359 1279 1458 cogitatum.

155 1467 202 1540 Et
229 1467 319 1541 licet
348 1483 454 1542 esset
483 1468 519 1540 in
548 1468 657 1541 fovea
685 1483 723 1540 et
761 1466 799 1538 in
840 1466 1007 1539 tenebris
1043 1467 1277 1550 constitutus,

98 1598 132 1645 10
155 1575 454 1672 perfundebatur
480 1590 607 1649 tamen
636 1572 813 1647 indicibili
843 1573 1004 1670 quadam
1033 1573 1182 1660 laetitia,
1212 1575 1282 1647 sibi

156 1682 337 1755 hactenus
371 1682 575 1778 inexperta,
606 1707 655 1754 ex
683 1706 758 1777 qua
785 1696 886 1753 totus
915 1680 1123 1778 ignescens,
1156 1680 1284 1754 relicta

157 1790 273 1875 lovea,
305 1790 437 1888 palam
465 1814 508 1863 se
536 1805 818 1886 persecutorum
854 1787 1030 1884 exposuit
1061 1785 1279 1860 maledictis.

238 1921 296 1969 11.
330 1896 504 1971 Surrexit
532 1895 658 1993 itaque
685 1894 855 1993 protinus
878 1892 1048 1992 impiger,
1072 1894 1227 1967 festinus
1246 1913 1284 1969 et

158 2002 288 2090 alacer,
320 2019 365 2077 et
392 2004 441 2078 ad
470 2002 726 2100 praeliandum
756 2027 825 2098 pro
844 2001 1011 2074 Domino
1031 2016 1177 2074 scutum
1197 2001 1283 2073 fidei

101 2128 131 2194 15
156 2112 378 2206 praeferens
402 2135 640 2208 magnaeque
660 2108 818 2182 fiduciae
837 2107 951 2181 armis
970 2108 1134 2181 munitus
1152 2133 1283 2181 versus

158 2216 350 2291 civitatem
379 2242 585 2316 aggressus
612 2234 670 2290 est
697 2217 808 2299 viam,
825 2231 864 2288 et
892 2216 1020 2288 divino
1048 2215 1172 2288 calore
1200 2241 1284 2288 suc·

159 2348 294 2398 census
327 2325 452 2422 coepit
479 2324 723 2421 semetipsum
752 2322 926 2420 segnitiei
952 2337 991 2395 et
1013 2322 1186 2421 ignaviae
1206 2321 1283 2419 plu-

160 2432 294 2507 rimum
333 2432 515 2506 incusare.
583 2432 671 2527 Quo
703 2430 796 2515 vis0,
836 2428 958 2503 cuncti
996 2430 1058 2527 qui
1102 2445 1284 2503 noverant

160 2565 253 2619 eum.
271 2556 539 2636 comparantes
567 2540 697 2612 ultima
725 2536 863 2635 primis,
882 2552 1088 2634 coeperunt
1106 2535 1155 2609 illi
1176 2537 1283 2610 mise·

100 2657 137 2704 2⁰
161 2647 328 2720 rabiliter
355 2647 595 2743 exprobrare,
627 2663 666 2720 et
694 2646 865 2718 insanum
894 2670 938 2717 ac
975 2644 1189 2718 dementem
1225 2670 1284 2717 ac-

161 2753 378 2838 clamantes,
410 2753 527 2825 lutum
569 2752 776 2849 platearum
818 2768 857 2824 et
897 2751 1040 2847 lapides
1081 2751 1118 2824 in
1160 2749 1282 2847 ipsum

160 2861 371 2957 proiiciunt.
403 2859 620 2933 Cernebant
647 2885 734 2932 eum
763 2884 785 2931 a
813 2856 976 2956 pristinis
1005 2857 1171 2930 moribus
1195 2857 1283 2930 alte·

161 2984 285 3040 ratum
321 2982 360 3041 et
393 2966 515 3040 carnis
553 2966 804 3039 maceratione
839 2963 948 3038 valde
987 2966 1207 3048 conlectum,
1245 2982 1284 3037 et

160 3073 247 3148 ideo
275 3090 394 3147 totum
425 3075 527 3171 quod
554 3075 694 3171 agebat
721 3071 964 3146 exinanitioni
997 3088 1035 3144 et
1071 3071 1283 3145 dementiae

100 3188 135 3257 25
162 3179 406 3278 imputabant.
467 3183 564 3254 Vera
583 3181 784 3277 patientia
843 3178 918 3252 Sed
948 3179 1035 3275 quia
1068 3177 1283 3252 meliorest

162 3289 309 3384 patiens
336 3303 549 3386 arrogante,
586 3287 745 3360 famulus
782 3285 856 3360 Dei
895 3287 1048 3358 surdum
1086 3286 1130 3358 iis
1167 3286 1283 3357 omni-

162 3395 232 3467 bus
258 3421 301 3468 se
341 3395 568 3493 praestabat,
614 3410 653 3467 et
694 3392 794 3466 nulla
835 3394 973 3466 sractus
1014 3409 1078 3465 aut
1119 3407 1283 3466 mutatus

163 3500 294 3575 iniuria
322 3528 391 3599 pro
420 3500 464 3574 iis
496 3502 670 3574 omnibus
704 3500 847 3598 gratias
882 3499 1049 3572 Domino
1083 3500 1279 3572 referebat.

163 3608 203 3680 ln
231 3634 368 3682 vanum
398 3634 561 3706 namque
590 3608 739 3704 iniquus
775 3605 1012 3704 persequitur
1043 3605 1091 3679 ad
1126 3607 1283 3679 honesta

235 3887 292 3927 1-2.
304 3873 339 3927 Os
349 3871 457 3926 foveam
469 3871 577 3926 occulte
614 3871 676 3938 AS,
690 3872 731 3925 Ox
740 3869 819 3924 fovea
830 3869 935 3924 occulte
1000 3886 1022 3924 2.
1034 3880 1060 3923 et
1071 3868 1282 3937 clandestinum]

162 3953 206 4007 As
219 3953 291 4007 clam
306 3951 436 4006 festinum
451 3952 513 4023 quia
586 3967 611 4018 4.
625 3952 646 4006 R
659 3951 785 4006 liberaret
799 3952 871 4004 Deus
945 3949 970 4005 6.
990 3952 1025 4005 Os
1040 3967 1091 4004 suo
1164 3951 1224 4020 7-8.
1240 3951 1285 4004 AS

162 4033 292 4087 dissidens
380 4048 419 4088 to.
440 4034 487 4088 AS
504 4051 553 4087 om.
573 4032 623 4086 sibi
711 4048 751 4087 11.
771 4032 820 4085 AS
837 4033 1005 4100 inexpectata
1024 4030 1051 4083 in
1070 4047 1095 4101 q.
1183 4045 1223 4095 14.
1242 4030 1284 4094 H,

162 4112 287 4168 Lomet
354 4129 394 4184 15.
407 4114 452 4168 As
464 4112 603 4186 proferens
669 4111 1023 4177 16.E,Oscivitat.Assisii
1093 4110 1283 4180 17-18.H0m.

163 4193 309 4264 plurimum
384 4195 424 4249 18.
438 4195 476 4260 E,
489 4194 519 4248 H
529 4210 659 4248 excusate
735 4210 773 4264 19.
787 4194 817 4245 H
830 4210 878 4245 om.
891 4191 930 4244 illi
1004 4206 1046 4245 22.
1063 4192 1098 4245 Os
1113 4192 1285 4261 proficientes

163 4275 494 4347 34.Mtotumquequod
539 4274 665 4328 Raiebat
737 4272 1013 4342 25.lldeputabant.
1086 4270 1126 4325 26.
1144 4273 1174 4324 ll
1188 4272 1284 4324 surdus

163 4368 204 4423 27.
224 4353 259 4406 W
267 4355 379 4427 parabat
415 4355 459 4410 As
470 4354 544 4409 nulla
563 4354 722 4409 immutatus
761 4354 795 4407 05
811 4351 842 4405 ir.
858 4364 904 4404 aut
919 4363 1005 4405 tactus
1021 4363 1067 4405 aut
1139 4351 1234 4420 27·28.
1255 4352 1287 4403 M

163 4451 210 4489 om.
229 4452 259 4489 se
276 4436 430 4506 praestabat
441 4465 457 4476 ·
468 4436 595 4490 omnibus
671 4435 714 4489 28.
732 4433 762 4486 H
778 4451 828 4487 om.
848 4432 971 4486 Domino
