3142 4875
607 371 710 419 sunm
742 370 924 418 rnnucrscr
1250 366 1323 436 377

209 483 557 490 ——--..—..-..-.....—...
568 483 572 488 .
591 483 598 486 -
604 481 738 487 -—-—--..-

207 605 351 679 funebri
382 605 572 678 collisione
592 622 801 701 quassatus
851 602 912 675 Sic
932 604 1030 702 enirn
1052 604 1215 676 totaliter
1235 603 1327 676 iace·

208 716 273 784 bat
300 714 369 784 sub
398 714 565 808 pondere
594 710 807 790 tumulatus,
839 728 880 783 ut
907 736 955 782 ex
984 735 1030 782 eo
1056 709 1143 781 nihil
1164 711 1330 783 exterius

206 837 416 915 appareret.
478 817 626 891 Fusioni
660 818 829 889 conlusio
859 833 896 888 et
930 816 1050 888 luctus
1081 818 1326 889 moerentium

208 925 376 998 succedit
416 926 536 1021 epulis
579 924 868 996 convivantium.
927 924 1094 996 Avolant
1136 948 1268 996 omnes
1309 950 1330 995 a

162 1062 175 1125 5
209 1057 348 1116 mensa,
370 1049 408 1103 et
428 1046 582 1128 patruus
602 1057 686 1103 curn
707 1030 867 1127 reliquis
891 1047 1066 1102 sanctum
1089 1030 1330 1103 Franciscum

207 1139 408 1222 advocans
440 1137 552 1210 currit
580 1138 628 1210 ad
648 1135 824 1209 tabulam.
883 1138 992 1208 Pater
1023 1161 1121 1220 vern,
1144 1137 1205 1233 qui
1234 1137 1328 1234 rige·

208 1244 398 1318 scentibus
428 1243 604 1317 membris
632 1268 672 1315 se
702 1269 855 1316 movere
884 1268 957 1315 non
977 1260 1126 1339 poterat
1148 1267 1238 1339 prae
1266 1246 1330 1317 do·

209 1353 296 1435 lore,
324 1353 421 1424 votis
448 1368 486 1424 et
515 1375 607 1424 voce
627 1367 758 1422 sancto
779 1350 980 1422 Francisco
1000 1350 1113 1422 filium
1135 1350 1325 1423 offerebat.

208 1459 373 1531 Levatur
401 1460 586 1531 funestum
618 1456 766 1553 pondus
795 1458 957 1552 desuper
985 1482 1153 1553 puerum,
1175 1473 1213 1529 et
1240 1483 1329 1529 ecce

142 1594 179 1639 ro
209 1590 320 1661 quem
342 1565 546 1637 credebant
566 1581 764 1644 mortuum,
788 1563 893 1659 quasi
915 1564 1114 1636 suscitatus
1142 1589 1165 1637 a
1185 1589 1329 1646 somn0,

209 1672 327 1744 laetus
362 1672 545 1767 apparuit,
587 1670 720 1743 nullius
757 1670 908 1767 signum
944 1669 1103 1742 afferens
1144 1670 1328 1742 laesionis.

210 1778 397 1850 Successit
434 1778 640 1850 confusioni
684 1777 824 1849 refusio
867 1777 1101 1874 gaudiorum,
1141 1792 1179 1848 et
1221 1777 1328 1849 inter-

210 1886 327 1981 ruptis
355 1884 474 1981 epulis
502 1884 702 1957 exsultatio
732 1909 871 1981 magna
901 1883 1019 1955 nimis.
1069 1882 1248 1956 Testatus
1276 1901 1333 1956 est

210 1993 290 2088 ipse
320 1991 418 2072 mihi,
452 1990 590 2064 nullum
620 1991 718 2062 vitae
755 2014 907 2062 sensum
947 1990 1170 2062 remansisse
1207 1990 1243 2062 in
1273 2015 1329 2068 eo,

144 2126 154 2169 r
165 2128 178 2188 5
210 2099 330 2170 donec
350 2099 419 2169 sub
440 2098 606 2194 pondere
637 2097 759 2173 iacuit.
808 2097 925 2194 Igitur
945 2122 1028 2169 curn
1048 2096 1331 2193 quatuordecim

211 2220 310 2276 esset
337 2229 519 2276 annornm
549 2205 668 2277 lactus
688 2220 745 2275 est
769 2204 883 2276 irater
903 2204 1036 2285 Minor,
1061 2203 1174 2275 homo
1201 2219 1331 2298 postea

211 2311 393 2383 litteratus
420 2328 458 2383 et
488 2312 669 2383 facundus
697 2310 732 2382 in
762 2310 908 2383 Ordine
936 2310 1181 2406 praedicator.

295 2440 312 2509 5
321 2439 353 2510 5.
382 2416 561 2491 Puerulus
577 2420 624 2491 de
641 2418 773 2490 eodem
792 2434 914 2490 castro
931 2416 1080 2489 fibulam
1096 2432 1327 2515 argenteam.

211 2550 322 2621 quam
353 2526 386 2598 ei
416 2542 522 2622 pater
558 2525 594 2597 in
625 2550 735 2597 manu
770 2541 956 2621 posuerat,
993 2523 1201 2622 deglutivit,
1234 2550 1329 2619 quae

139 2660 181 2705 zo
211 2630 278 2703 sibi
309 2631 361 2704 sic
390 2657 522 2705 omnes
551 2634 697 2704 meatus
732 2631 895 2728 gutturis
931 2630 1145 2713 interclusit,
1179 2649 1218 2702 ut
1257 2657 1328 2702 non

212 2756 340 2835 posset
379 2740 492 2811 modo
529 2738 654 2834 aliquo
683 2738 878 2834 respirare.
937 2739 1070 2811 Flebat
1098 2754 1205 2834 pater
1233 2764 1331 2810 ama-

212 2844 366 2925 rissime,
399 2845 623 2918 homicidam
654 2843 714 2915 filii
744 2870 785 2918 se
815 2861 1002 2941 reputans,
1035 2861 1073 2917 et
1101 2870 1168 2941 per
1196 2863 1332 2918 terram

212 2951 450 3024 volutabatur
465 2967 503 3024 ut
517 2977 657 3024 amens.
698 2950 949 3049 Disce[r]ptis
968 2951 1141 3027 crinibus.
1160 2969 1277 3025 totam
1293 2978 1333 3023 se

211 3058 415 3131 dilaniabat
436 3077 562 3139 mater,
583 3058 831 3130 miserabilem
851 3060 1002 3155 plorans
1016 3076 1205 3131 eventurn.
1242 3058 1331 3131 Om-

142 3194 159 3238 2
167 3194 181 3257 5
213 3191 280 3237 nes
307 3165 415 3237 amici
445 3164 537 3238 tanti
566 3165 705 3236 doloris
734 3165 935 3260 participes
955 3165 1175 3246 efficiuntur,
1199 3191 1330 3237 sanum

213 3272 386 3344 iuvenem
420 3270 615 3367 repentina
649 3289 768 3342 morte
805 3271 858 3342 sic
895 3270 986 3368 rapi.
1046 3272 1197 3344 Invocat
1226 3289 1332 3366 pater

212 3378 329 3450 sancti
368 3378 556 3450 Francisci
596 3377 737 3459 merita,
778 3394 905 3450 votum
943 3379 1104 3474 spondet
1141 3395 1179 3450 ut
1217 3377 1329 3448 filium

212 3484 353 3558 liberet.
412 3484 462 3556 Et
490 3510 576 3557 ecce
607 3484 730 3556 subito
760 3484 915 3579 proiecit
952 3512 1044 3581 puer
1073 3486 1119 3557 de
1149 3510 1214 3555 ore
1244 3484 1330 3554 fibo

213 3590 296 3673 lam,
310 3590 427 3663 sancti
446 3590 632 3664 Francisci
650 3616 785 3662 nornen
803 3616 887 3662 cum
903 3592 1075 3663 omnibus
1090 3590 1327 3662 benedicens.

142 3727 183 3791 30
296 3703 354 3789 56.
374 3698 539 3792 Quidam
555 3698 601 3770 de
618 3715 740 3769 castro
758 3698 956 3793 Ceperani‚
975 3696 1124 3769 nomine
1141 3695 1327 3777 Nicolaus

216 3805 284 3902 [in]
303 3830 435 3878 manus
451 3804 681 3876 inimicorum
699 3804 904 3877 crudelium
927 3803 1054 3875 incidit
1074 3804 1135 3876 die
1154 3804 1327 3899 quadarn.

213 3912 287 4005 Qui
309 3911 411 3983 serali
432 3912 535 3983 rabie
553 3911 642 3983 dum
664 3912 817 3983 vulnera
834 3909 1046 3982 vulneribus
1062 3909 1328 4006 superaddunt,

213 4044 330 4114 usque
360 4019 457 4090 adeo
486 4044 599 4115 super
619 4019 795 4090 miserum
825 4017 967 4089 saevire
999 4041 1071 4088 non
1093 4032 1252 4096 cessant,
1271 4018 1331 4089 do-

213 4151 281 4197 nec
303 4126 359 4196 vel
380 4124 603 4197 exstinctum
634 4125 831 4196 crederent
851 4123 908 4194 vel
929 4122 1077 4219 penitus
1092 4124 1331 4221 exstinguen-

143 4261 182 4326 35
212 4233 312 4304 dum.
372 4232 546 4327 Denique
585 4231 764 4303 semivivo
800 4229 939 4313 relict0,
971 4255 1102 4301 cruore
1138 4231 1331 4304 madentes

284 4474 324 4526 23.
346 4460 375 4511 ,ll
393 4458 521 4528 disceptis
598 4474 638 4527 3¹·
660 4458 687 4509 ,ll
701 4474 749 4508 orn.
767 4458 794 4508 in
