3142 4875
582 325 767 376 OPUSCULA
795 324 991 374 LITURGICA
1268 326 1345 395 439

227 429 491 437 ———-—---

227 552 335 625 nibus
362 553 661 638 admirationem,
695 560 742 627 ire
771 554 975 627 incurreret
998 554 1213 628 vanitatem.
1271 556 1347 628 Ho-

226 661 383 733 norabat
415 660 616 759 praecipue
649 663 876 744 sacerdotes,
908 677 945 734 et
972 661 1122 734 divinae
1159 662 1255 760 legis
1283 663 1348 735 do·

227 783 350 840 etores
377 767 472 840 miro
499 769 751 842 venerabatur
778 769 926 841 affectu.

309 895 341 966 7.
358 872 564 971 Amplioris
578 874 722 973 gratiae
739 900 894 948 munere
904 876 1042 972 dignus
1057 875 1221 959 effectus,
1234 877 1348 949 abun-

181 1006 198 1072 5
226 980 374 1054 dantius
386 980 545 1077 Spiritus
559 982 677 1055 sancti
693 1007 777 1054 rore
793 982 1036 1079 perfunditur.
1077 982 1173 1054 Nam
1186 983 1223 1055 in
1238 983 1348 1057 solari

226 1088 362 1183 specie,
385 1089 569 1187 quadriga
589 1105 729 1172 vectus
755 1087 1014 1161 intermedias
1035 1089 1154 1161 noctis
1173 1090 1349 1164 tenebras

224 1194 350 1267 visitat
374 1196 516 1276 fratres,
539 1195 786 1270 conscientias
814 1196 975 1280 discutit,
1006 1195 1152 1268 occulta
1179 1196 1347 1269 cordium

225 1301 346 1398 aperit
356 1327 364 1385 ;
400 1301 608 1374 absentium
647 1319 731 1375 acta
767 1303 964 1399 cognoscit
991 1319 1029 1375 et
1058 1303 1190 1376 merita
1226 1304 1348 1376 sutura

224 1408 416 1505 praedicit.
473 1408 536 1481 Ad
565 1434 751 1481 summum
770 1408 1009 1506 perfectionis
1031 1408 1177 1505 apicem
1197 1426 1348 1482 sanctus

158 1543 197 1589 10
225 1514 296 1587 iste
323 1514 553 1614 pertingens,
574 1514 786 1589 columbina
810 1515 1047 1612 simplicitate
1061 1515 1194 1613 plenus
1217 1542 1348 1589 omnes

225 1639 415 1694 creaturas
442 1623 491 1695 ad
516 1621 706 1695 Creatoris
725 1622 894 1696 hortatur
917 1648 1094 1696 amorem.
1153 1623 1349 1696 Praedicat

225 1728 364 1810 avibus,
397 1729 548 1807 auditur
575 1730 624 1802 ab
652 1729 716 1813 eis,
748 1745 953 1826 tanguntur
981 1731 1029 1802 ab
1059 1729 1151 1826 ips0,
1180 1755 1248 1803 nec
1276 1730 1346 1803 nisi

225 1834 437 1908 licentiatae
473 1834 664 1910 recedunt.
731 1836 911 1910 Garriunt
946 1835 1163 1909 hirundines
1199 1862 1269 1910 nec
1302 1838 1348 1908 si·

226 1957 319 2015 nunt
345 1967 431 2014 eum
460 1946 600 2041 populo
632 1942 744 2039 loqui,
780 1943 967 2017 silentium
1001 1943 1130 2016 indicit
1157 1960 1195 2016 et
1223 1943 1347 2016 statim

158 2077 194 2141 15
213 2047 431 2145 ¹quiescunt.
490 2049 687 2123 Silvestres
707 2050 851 2124 bestiae
865 2049 988 2123 laesae
1005 2050 1052 2122 ab
1068 2047 1149 2122 aliis
1163 2051 1211 2122 ad
1227 2050 1347 2147 ipsum

226 2153 456 2252 confugiunt,
496 2156 739 2253 experiuntur
775 2156 813 2230 in
850 2182 897 2229 eo
932 2156 1081 2254 pietatis
1113 2181 1280 2229 amorem
1309 2173 1348 2229 et

226 2263 419 2334 inveniunt
446 2263 545 2360 apud
575 2289 661 2336 eum
690 2263 726 2336 in
755 2263 994 2336 tribulatione
1014 2263 1197 2336 solatium.
1257 2263 1344 2357 Quo

225 2393 353 2443 amore
373 2394 465 2467 erga
484 2369 642 2444 salutem
661 2370 854 2445 hominum
884 2371 1027 2470 flagrat,
1051 2371 1114 2467 qui
1143 2368 1272 2444 bestiis
1294 2369 1347 2444 sic

226 2476 472 2573 compatitur?
537 2480 634 2552 Nam
672 2479 887 2574 frequenter
919 2479 1114 2576 agniculos
1149 2478 1282 2552 liberat
1310 2494 1347 2550 et

153 2612 197 2658 20
225 2586 316 2656 oves
344 2610 367 2657 a
396 2609 498 2669 nece,
529 2602 684 2683 propter
718 2602 872 2659 naturae
901 2583 1136 2681 simplicioris
1172 2585 1344 2683 gratiam.
1442 2628 1447 2639 »

225 2690 460 2764 Vermiculos
487 2692 580 2789 legit
608 2690 656 2765 de
684 2692 753 2776 via,
788 2717 835 2764 ne
868 2690 1138 2765 transeuntium
1177 2690 1348 2789 vestigiis

225 2796 473 2871 laederentur.

308 2907 341 2977 8.
372 2905 471 2977 Miro
489 2922 528 2978 et
557 2905 730 2979 ineffabili
751 2906 892 3005 gaudio
917 2904 1131 3001 replebatur
1159 2907 1207 2979 ob
1237 2906 1348 2978 Crea·

225 3011 317 3084 toris
351 3035 528 3096 amorem,
567 3037 650 3084 cum
687 3011 805 3086 solem
839 3030 877 3085 et
908 3013 1034 3085 lunam
1068 3011 1274 3085 intueretur
1310 3029 1348 3085 et

154 3142 194 3207 25
224 3117 362 3192 stellas.
429 3119 577 3191 Revera
604 3136 741 3192 terram
770 3135 809 3193 et
837 3119 992 3203 caelum,
1016 3120 1142 3217 ignem
1164 3136 1201 3193 et
1220 3126 1346 3192 aerem

109 3316 117 3329 ,
226 3223 475 3299 sincerissima
498 3226 660 3323 puritate
688 3228 736 3299 ad
772 3226 938 3300 divinum
968 3227 1146 3300 monebat
1165 3251 1343 3299 amorem.

225 3331 340 3405 Melle
366 3331 509 3405 dulcius
539 3358 675 3405 nomen
700 3333 854 3406 Domini
884 3335 920 3407 in
950 3358 1016 3406 ore
1045 3360 1113 3406 suo
1142 3358 1254 3429 supra
1283 3333 1346 3405 ho·

227 3439 367 3511 minum
387 3438 615 3512 intellectum
645 3440 875 3513 nominando
897 3440 1072 3524 afficitur;
1106 3438 1244 3512 fastidit
1263 3464 1345 3535 pro·

226 3721 290 3772 dum
311 3732 337 3773 et
352 3720 467 3790 ligatum
482 3720 551 3774 trahi
564 3719 667 3774 faciens
681 3737 727 3790 per
739 3720 852 3791 plateas,
864 3720 1006 3790 glutouem
1020 3733 1046 3772 et
1060 3732 1210 3789 potatorem
1224 3734 1252 3771 se
1265 3716 1345 3770 fuisse

227 3801 251 3852 in
271 3799 379 3854 occulto
398 3801 573 3871 proclamans
593 3802 621 3854 in
641 3800 750 3871 publico
827 3818 848 3854 1.
869 3799 962 3853 Cinc.
979 3800 1065 3852 inanis
1080 3797 1184 3869 gloriae
1197 3800 1346 3851 vanitatem

229 3895 286 3933 1-2.
308 3881 328 3933 P
351 3880 478 3934 Honorat
568 3898 589 3951 3.
608 3881 627 3935 R
647 3881 834 3934 venerabiliter
880 3880 939 3933 Post
964 3879 1061 3934 affectu
1083 3879 1106 3931 C
1128 3878 1184 3931 cdd.
1207 3891 1232 3931 et
1255 3877 1346 3931 fratres

225 3977 288 4013 suos
306 3961 340 4013 ad
359 3960 530 4015 honorandos
551 3962 704 4015 sacerdotes
720 3961 834 4014 fideliter
853 3958 1014 4013 informabat
1088 3972 1112 4026 7.
1140 3958 1161 4010 R
1182 3958 1347 4012 conscientia

229 4039 306 4093 mc
325 4044 484 4108 perveniens
560 4055 599 4095 12.
615 4042 675 4111 ipso
695 4040 759 4109 nec]
781 4040 863 4104 Ceo,
883 4055 1006 4093 necnon
1083 4054 1177 4107 13-14.
1189 4038 1318 4092 Garrium
1331 4066 1347 4077 -

225 4119 328 4189 indicit]
349 4119 373 4173 C
392 4120 554 4174 Garriebant
576 4121 627 4173 hir.
643 4121 822 4189 impedientes
848 4136 911 4172 eum
936 4118 1035 4190 populo
1055 4118 1220 4188 praedicare.
1258 4117 1347 4170 Silen-

225 4201 291 4252 tium
312 4200 408 4253 indixit
483 4216 522 4268 15.
541 4201 643 4269 laesae]
666 4200 813 4269 Cfugatae
882 4199 921 4253 16.
943 4198 1013 4264 C,R
1033 4215 1095 4250 eum
1160 4200 1199 4253 18.
1221 4199 1244 4253 C
1261 4198 1347 4251 homi·

225 4296 290 4332 num
311 4280 351 4331 vir
370 4281 422 4334 Dei
441 4280 572 4351 flagrabat
648 4295 687 4351 19.
709 4279 967 4349 Ccompatiebatur
986 4309 1002 4320 ·
1023 4276 1153 4332 liberabat
1213 4278 1343 4348 allegit]

226 4358 250 4411 C
262 4360 409 4431 colligebat
477 4359 518 4415 26.
535 4361 558 4416 C
567 4362 602 4414 ob
616 4362 826 4414 sincerissimam
844 4362 988 4431 puritatem
1035 4357 1344 4429 amoren1]Paffectum

226 4441 267 4494 28.
289 4441 310 4493 P
328 4439 442 4493 efficitur
