3142 4875
274 349 352 419 430
578 351 786 401 TRACTATUS
817 353 863 400 DE
892 351 1084 400 MIRACULIS

340 461 398 466 .--.
410 461 464 466 ...-
476 459 806 466 -ᾑὺ-ᾑ--ῄ--κ

269 584 465 657 maledicta
480 601 586 679 peste
601 584 750 680 penitus
765 583 950 657 indemnis
966 585 1153 670 remansit,
1167 609 1250 656 cum
1265 600 1394 658 tamen

270 693 304 762 in
343 689 496 763 circuitu
534 689 659 763 omnia
694 708 820 763 essent
858 690 1049 788 praedicta
1085 691 1296 788 pestilentia
1330 692 1394 765 de-

269 813 408 871 vorata.

354 928 436 996 193.
468 902 632 976 Domina
651 906 836 1001 quaedam
859 903 991 977 nobilis
1011 905 1060 976 de
1079 921 1201 976 castro
1221 903 1390 988 Galetae,

269 1013 363 1083 inter
392 1009 572 1084 mamillas
601 1011 772 1083 morbum
794 1010 937 1084 fistulae
956 1010 1156 1091 tolerabat:
1184 1036 1292 1107 quae,
1314 1013 1394 1085 foe-
1426 1041 1445 1103 5

268 1138 348 1190 tore
367 1115 475 1190 simul
495 1134 534 1189 et
552 1119 682 1190 dolore
701 1118 848 1198 afflicta,
872 1117 1018 1190 salubre
1050 1116 1188 1190 nullum
1219 1118 1392 1191 iuvamen

269 1226 472 1297 invenerat.
548 1224 702 1296 Intravit
735 1225 827 1296 haec
860 1224 922 1296 die
956 1225 1128 1321 quadam,
1165 1250 1276 1297 causa
1315 1251 1394 1298 ora·

269 1331 389 1413 tionis,
413 1329 609 1403 ecclesiam
630 1331 821 1411 Fratrum;
845 1331 906 1403 ubi
927 1329 1089 1403 libellum
1106 1356 1264 1404 cernens
1274 1334 1394 1405 sancti
1413 1355 1415 1358 ·

271 1436 457 1511 Francisci
477 1438 590 1509 vitam
610 1454 648 1510 et
669 1437 845 1510 miracula
864 1436 1126 1518 continentem,
1158 1438 1336 1533 quidnam
1357 1439 1394 1512 in

271 1571 316 1616 eo
336 1544 588 1616 contineretur
608 1542 765 1617 sollicite
784 1543 1011 1642 perquisivit.
1071 1544 1243 1640 Cumque
1263 1546 1396 1619 deve·
1432 1571 1470 1616 to

272 1653 379 1723 ritate
395 1650 574 1722 instructa
594 1651 699 1734 foret,
717 1651 850 1723 librum
871 1651 1031 1723 lacrimis
1048 1652 1198 1747 perfusa
1218 1652 1391 1749 suscepit,

271 1782 432 1853 eumque
448 1782 560 1853 super
575 1758 785 1836 morbidum
807 1758 928 1830 locum
949 1757 1147 1854 expandit:
1170 1758 1274 1832 Sicut
1292 1785 1392 1842 vera,

272 1864 399 1961 inquit,
431 1879 526 1946 sunt,
549 1880 677 1936 sancte
697 1865 905 1944 Francisce‚
929 1890 1027 1960 quae
1046 1866 1093 1937 de
1118 1881 1155 1937 te
1184 1865 1219 1937 in
1243 1866 1312 1939 hac
1332 1892 1396 1963 pa·

271 1972 360 2068 gina
397 1987 483 2042 sunt
520 1970 739 2067 conscripta,
772 1971 823 2044 ita
851 1997 948 2043 nunc
978 1970 1050 2044 tuis
1078 1973 1216 2064 sanctis
1255 1973 1396 2045 meritis

272 2079 405 2150 liberer
433 2079 480 2149 ab
509 2078 578 2149 hac
607 2078 730 2174 plaga.
789 2077 838 2150 Et
857 2077 1071 2174 aliquandiu
1092 2078 1184 2151 flens
1213 2097 1251 2152 et
1278 2081 1396 2153 devo·
1434 2091 1468 2155 15

271 2183 361 2256 tioni
403 2182 586 2268 insistens,
628 2185 798 2281 protinus
834 2185 1017 2256 submotis
1053 2187 1281 2282 tegminibus
1318 2205 1396 2259 tam

272 2293 381 2386 plena
409 2289 527 2363 salute
556 2291 787 2364 consolidata
815 2308 882 2373 est,
915 2307 954 2362 ut
980 2290 1118 2363 nullum
1139 2309 1266 2388 posset
1295 2293 1396 2366 dein-

273 2423 360 2496 ceps
389 2396 569 2471 cicatricis
596 2398 796 2496 vestigium
827 2398 1068 2496 deprehendi.

361 2529 442 2596 194.
474 2505 624 2577 Accidit
652 2505 735 2578 huic
765 2505 884 2579 simile
914 2507 949 2578 in
978 2506 1185 2580 Romaniae
1215 2507 1394 2603 partibus

274 2638 357 2684 cum
394 2628 500 2708 pater
536 2637 604 2708 pro
633 2612 707 2685 filio
735 2613 841 2710 gravi
872 2614 995 2685 ulcere
1030 2612 1197 2686 sauciato
1227 2630 1396 2687 sanctum
1430 2625 1473 2671 20

275 2721 514 2791 Franciscum
550 2719 621 2814 piis
654 2720 814 2815 pulsavit
844 2719 1034 2815 precibus:
1066 2718 1105 2791 Si
1134 2746 1232 2799 vera,
1265 2720 1394 2817 inquit,

274 2842 368 2907 sunt,
387 2844 516 2898 sancte
530 2826 614 2909 Dei,
634 2826 725 2898 mira
745 2852 841 2922 quae
861 2827 909 2898 de
929 2845 966 2898 te
982 2842 1061 2898 toto
1077 2828 1169 2899 orbe
1185 2826 1396 2924 vulgantur,

273 2931 445 3029 experiar
472 2931 508 3003 in
539 2932 610 3005 hoc
630 2932 704 3005 filio
723 2934 770 3005 ad
790 2931 864 3005 Dei
885 2932 1032 3005 laudem
1051 2950 1138 3006 tuae
1162 2932 1396 3007 clementiam

274 3039 432 3134 pietatis.
490 3039 662 3135 Repente
696 3041 813 3112 fracto
840 3042 1003 3136 desuper
1035 3041 1236 3137 opertorio
1272 3066 1398 3114 coram

274 3164 492 3218 cunctorum
511 3145 628 3218 oculis
647 3145 820 3219 stuellum
841 3146 963 3243 erupit
982 3147 1028 3218 de
1049 3146 1211 3229 vulnere,
1235 3172 1399 3244 caroque
1431 3159 1470 3224 25

275 3252 379 3348 pueri
407 3252 459 3325 sic
487 3252 628 3326 exstitit
656 3252 824 3335 solidata,
847 3272 886 3325 ut
915 3254 994 3325 sine
1023 3253 1132 3351 signo
1152 3254 1271 3326 morbi
1295 3280 1400 3350 prae·

277 3359 374 3432 teriti
404 3377 623 3433 remaneret.

363 3488 444 3558 195.
477 3468 594 3540 Beato
631 3465 832 3539 Francisco
869 3468 991 3539 adhuc
1020 3466 1055 3538 in
1086 3492 1197 3539 carne
1234 3468 1397 3550 vivente,

277 3577 388 3647 irater
406 3572 557 3669 quidam
578 3573 789 3645 infirmitate
808 3573 971 3645 horribili
987 3575 1239 3670 torquebatur,
1257 3600 1305 3646 ex
1326 3598 1401 3669 qua

277 3682 328 3754 sic
358 3697 458 3753 totus
486 3705 600 3778 saepe
636 3679 867 3763 allidebatur,
899 3697 939 3754 ut
967 3683 1134 3753 membra
1167 3680 1246 3753 eius
1275 3679 1402 3753 omnia
1433 3694 1477 3760 30

277 3788 382 3883 quasi
403 3788 439 3860 in
460 3787 636 3860 circulum
665 3804 909 3860 verterentur.
968 3788 1063 3860 Nam
1085 3788 1311 3884 quandoque
1338 3812 1400 3860 ex·

278 3915 405 3966 tensus
447 3911 484 3967 et
521 3894 664 3991 rigidus
701 3910 812 3977 totus
852 3893 1010 3990 pedibus
1047 3894 1157 3990 capiti
1195 3892 1398 3990 coequans,

278 4018 458 4096 quantum
487 4000 553 4073 viri
582 4018 724 4074 statura
743 4019 801 4074 est
820 4002 1036 4074 elevabatur
1059 4001 1095 4073 in
1115 4000 1241 4087 altum,
1263 4001 1402 4074 subito-

279 4134 352 4203 que
366 4109 414 4180 ad
436 4124 573 4181 terram
589 4108 767 4194 resiliens,
793 4109 1029 4180 volutabatur
1052 4132 1241 4204 spumans.
1285 4106 1404 4180 Cuius

278 4218 497 4311 languorem
526 4232 677 4288 sanctus
705 4232 812 4311 pater
832 4213 983 4287 nimium
1005 4213 1210 4299 miseratus,
1233 4213 1405 4288 oratione
1439 4235 1483 4301 35

354 4471 393 4525 19.
412 4458 469 4511 ΑΒ
485 4459 615 4511 Romanis
