3142 4875
249 291 322 375 264
623 314 794 361 txotxox
822 315 988 363 sucumm

244 560 422 617 servatur.
467 546 632 618 Demum
652 548 700 619 ad
720 572 761 619 se
781 573 953 620 reversus
968 549 1083 622 stater
1098 549 1198 622 videt
1213 550 1363 622 beatum

245 652 487 725 Franciscum
515 654 562 725 ab
599 654 768 726 oratione
797 654 911 738 exire,
948 680 1112 752 moxque
1145 655 1182 727 in
1211 658 1364 728 modum

244 758 363 830 crucis
391 774 599 856 prostratus
636 759 757 856 ipsum
795 786 870 833 non
908 777 948 833 ut
981 763 1121 835 mundo
1162 762 1363 846 viventem,

245 865 311 936 sed
341 865 446 960 quasi
482 866 555 938 iam
593 865 698 939 caelo
727 882 950 964 regnantem
984 866 1185 965 alloquitur
1215 867 1362 942 dicens:

245 972 462 1067 Deprecare
491 997 558 1069 pro
589 999 647 1046 me
677 972 792 1046 filium
820 974 905 1057 Dei,
940 991 1057 1072 pater,
1096 991 1135 1047 ut
1164 975 1253 1047 mihi
1282 1001 1365 1073 pec·
1395 1006 1414 1069 5

245 1093 369 1151 catum
413 1104 486 1152 non
524 1080 691 1175 imputet.
755 1079 976 1155 Extendens
1016 1106 1167 1154 manum
1204 1082 1260 1153 vir
1291 1082 1364 1155 Dei

244 1183 381 1258 allevat
410 1185 541 1282 ipsum,
573 1211 810 1284 cognoscens
846 1185 986 1284 aliquid
1015 1189 1049 1262 ei
1079 1189 1191 1261 fuisse
1221 1188 1256 1260 in
1286 1213 1364 1261 ora·

244 1291 346 1363 tione
375 1307 632 1365 monstratum.
690 1294 863 1367 Tandem
893 1294 1154 1368 recedentibus
1184 1294 1282 1378 inde,
1315 1296 1365 1366 in·

244 1415 413 1495 terrogat
442 1400 556 1472 frater
575 1397 634 1472 ille
654 1402 805 1473 beatum
834 1400 1075 1474 Franciscum
1095 1401 1239 1474 dicens:
1263 1400 1364 1496 Quid

245 1505 293 1577 de
321 1521 369 1589 te,
392 1520 508 1600 pater,
531 1522 594 1579 tua
614 1505 679 1578 tibi
709 1506 893 1580 ministrat
911 1507 1061 1604 opinio?
1118 1508 1193 1602 Qui
1214 1534 1366 1605 respon·
1397 1539 1441 1584 ιο

244 1611 314 1684 dit:
347 1612 487 1685 Videor
516 1612 604 1684 mihi
634 1613 819 1686 maximus
847 1630 1096 1710 peccatorum,
1128 1615 1303 1710 quoniam
1335 1615 1364 1686 si
1561 1615 1562 1636 ¹

243 1717 407 1815 aliquem
435 1717 656 1792 sceleratum
686 1735 790 1793 tanta
819 1721 948 1794 suisset
975 1721 1082 1794 Deus
1111 1720 1366 1794 misericordia

244 1843 475 1920 prosecutus
498 1825 659 1922 decuplo
688 1853 748 1899 me
777 1827 1002 1923 spiritualior
1021 1844 1130 1901 esset.
1188 1828 1250 1900 Ad
1272 1828 1366 1900 haec

244 1931 369 2004 statim
390 1933 425 2005 in
456 1934 568 2005 corde
589 1932 710 2007 lratris
739 1933 832 2006 dixit
852 1934 1018 2032 spiritus:
1042 1935 1244 2032 Cognosce
1263 1934 1366 2031 quod

243 2064 332 2111 vera
361 2040 428 2111 luit
456 2039 548 2112 visio
578 2065 690 2135 quam
719 2040 853 2124 vidisti,
876 2043 1053 2137 quoniam
1081 2043 1130 2114 ad
1158 2042 1287 2114 sedem
1309 2067 1365 2112 su·
1398 2068 1439 2138 15

244 2146 372 2242 perbia
401 2146 584 2244 perditam
615 2146 802 2219 humilitas
831 2149 969 2221 levabit
998 2147 1254 2220 humillimum.

226 2624 228 2626 ·
251 2591 323 2688 [Dc
336 2591 634 2685 quodomsratre
648 2617 671 2662 a
686 2592 884 2662 tentatione
899 2590 1080 2688 lz'beralol.
1130 2588 1361 2661 LXXXVII.

330 2826 412 2892 124.
444 2804 575 2876 Frater
594 2802 745 2898 quidam
766 2802 965 2898 spiritualis
994 2818 1031 2874 et
1060 2802 1234 2898 antiquus
1255 2802 1290 2873 in
1312 2827 1365 2874 re-

243 2908 383 3007 ligione
412 2936 549 3007 magna
579 2910 699 2982 carnis
728 2909 965 2982 tribulatione
985 2909 1155 2990 afflictus,
1173 2908 1279 3004 quasi
1299 2910 1366 2980 de·

242 3016 466 3113 sperationis
494 3017 680 3113 profundo
700 3015 896 3090 videbatur
923 3017 1132 3111 absorptus.
1190 3015 1364 3112 Duplica-
1392 3048 1435 3094 20

243 3125 352 3196 batur
372 3123 404 3195 ei
425 3123 591 3219 quotidie
608 3124 723 3204 dolor,
747 3124 835 3195 dum
852 3122 1080 3195 conscientia
1096 3122 1217 3219 magis
1236 3138 1365 3195 tenera

245 3255 356 3327 quam
378 3229 538 3302 discreta
567 3231 730 3325 cogebat
749 3255 834 3301 eum
856 3230 903 3301 de
934 3229 1047 3302 nihilo
1076 3229 1254 3301 confiteri.
1313 3228 1364 3300 Si·

244 3337 394 3433 quidem
427 3362 498 3409 non
529 3336 774 3408 tentationem
805 3337 953 3419 habere,
977 3336 1044 3408 sed
1072 3335 1268 3407 tentationi
1289 3361 1365 3407 ces·

243 3443 336 3516 sisse
369 3445 426 3515 vel
457 3444 644 3515 modicum
674 3458 778 3515 tanto
816 3444 940 3514 studio
969 3443 1223 3515 confitendum
1252 3458 1362 3514 esset.

243 3552 326 3647 lpse
347 3575 436 3622 vero
465 3566 609 3622 tantum
639 3550 792 3645 pudoris
821 3550 993 3633 habebat,
1018 3549 1118 3645 quod
1147 3548 1284 3619 timens
1313 3565 1365 3619 to·
1394 3580 1431 3645 25

242 3674 320 3729 tum
351 3656 412 3729 uni
433 3656 617 3730 sacerdoti
647 3657 837 3753 detegere,
860 3657 1000 3752 quippe
1029 3681 1113 3728 cum
1144 3653 1231 3726 nihil
1253 3670 1362 3737 esset,

243 3763 493 3861 cogitationes
512 3764 612 3860 ipsas
639 3762 820 3845 dividens,
843 3762 1010 3835 diversas
1030 3762 1185 3834 diversis
1208 3760 1364 3856 particu-

242 3870 296 3943 las
325 3869 591 3942 committebat.
652 3869 827 3964 Quadam
856 3894 945 3942 vero
982 3868 1042 3941 die
1071 3894 1155 3941 cum
1185 3869 1365 3940 deambu-

242 3976 336 4049 laret
365 4002 448 4048 cum
478 3978 589 4049 beato
619 3975 830 4059 Francisco‚
854 3975 947 4047 dixit
966 3975 999 4049 ei
1020 3990 1188 4048 sauctus:
1221 3975 1363 4059 Frater,

242 4083 328 4155 dico
357 4083 422 4156 tibi
451 4083 553 4179 quod
582 4083 858 4157 tribulationem
896 4098 997 4155 tuam
1028 4080 1115 4154 nulli
1149 4082 1291 4154 debeas
1318 4081 1366 4152 de
1395 4109 1433 4175 3⁰

320 4291 377 4357 5-6.
396 4295 423 4345 ll
442 4306 550 4363 peccata
623 4294 814 4346 altmanus
891 4309 929 4346 11.
948 4293 978 4345 M
992 4305 1116 4362 peccator
1191 4289 1366 4355 15.Afuerit

247 4384 288 4435 23.
310 4373 329 4422 R
349 4373 497 4424 tentatione
574 4388 612 4440 30.
634 4375 663 4424 ‚ll
681 4391 729 4425 om.
748 4386 824 4424 tuam
