<?xml version="1.0" encoding="UTF-8"?>
<!DOCTYPE html PUBLIC "-//W3C//DTD XHTML 1.0 Transitional//EN"
    "http://www.w3.org/TR/xhtml1/DTD/xhtml1-transitional.dtd">
<html xmlns="http://www.w3.org/1999/xhtml" xml:lang="en" lang="en">
 <head>
  <title>
</title>
<meta http-equiv="Content-Type" content="text/html;charset=utf-8" />
  <meta name='ocr-system' content='tesseract 3.04.00' />
  <meta name='ocr-capabilities' content='ocr_page ocr_carea ocr_par ocr_line ocrx_word'/>
</head>
<body>
  <div class='ocr_page' id='page_1' title='image "./sfrancisciassis00dogoog_0411.png"; bbox 0 0 3142 4875; ppageno 0'>
   <div class='ocr_carea' id='block_1_1' title="bbox 273 1590 350 1636">
    <p class='ocr_par' dir='ltr' id='par_1_1' title="bbox 273 1590 350 1636">
     <span class='ocr_line' id='line_1_1' title="bbox 273 1590 350 1636; baseline 0 0"><span class='ocrx_word' id='word_1_1' title='bbox 273 1590 350 1636; x_wconf 91' lang='lat'>10</span> 
     </span>
    </p>
   </div>
   <div class='ocr_carea' id='block_1_2' title="bbox 275 2124 347 2189">
    <p class='ocr_par' dir='ltr' id='par_1_2' title="bbox 275 2124 347 2189">
     <span class='ocr_line' id='line_1_2' title="bbox 275 2124 347 2189; baseline 0 0"><span class='ocrx_word' id='word_1_2' title='bbox 275 2124 347 2189; x_wconf 86' lang='lat'>15</span> 
     </span>
    </p>
   </div>
   <div class='ocr_carea' id='block_1_3' title="bbox 266 2658 353 2706">
    <p class='ocr_par' dir='ltr' id='par_1_3' title="bbox 266 2658 353 2706">
     <span class='ocr_line' id='line_1_3' title="bbox 266 2658 353 2706; baseline -0.023 0"><span class='ocrx_word' id='word_1_3' title='bbox 266 2658 353 2706; x_wconf 87' lang='lat'>20</span> 
     </span>
    </p>
   </div>
   <div class='ocr_carea' id='block_1_4' title="bbox 270 3457 349 3525">
    <p class='ocr_par' dir='ltr' id='par_1_4' title="bbox 270 3457 349 3525">
     <span class='ocr_line' id='line_1_4' title="bbox 270 3457 349 3525; baseline 0 0"><span class='ocrx_word' id='word_1_4' title='bbox 270 3457 349 3525; x_wconf 83' lang='lat'>25</span> 
     </span>
    </p>
   </div>
   <div class='ocr_carea' id='block_1_5' title="bbox 269 3994 351 4059">
    <p class='ocr_par' dir='ltr' id='par_1_5' title="bbox 269 3994 351 4059">
     <span class='ocr_line' id='line_1_5' title="bbox 269 3994 351 4059; baseline 0 -18"><span class='ocrx_word' id='word_1_5' title='bbox 269 3994 351 4059; x_wconf 84' lang='grc'>30</span> 
     </span>
    </p>
   </div>
   <div class='ocr_carea' id='block_1_6' title="bbox 1209 371 2646 440">
    <p class='ocr_par' dir='ltr' id='par_1_6' title="bbox 1209 371 2646 440">
     <span class='ocr_line' id='line_1_6' title="bbox 1209 371 2646 440; baseline 0 -21"><span class='ocrx_word' id='word_1_6' title='bbox 1209 372 1417 419; x_wconf 82' lang='grc' dir='ltr'>ΒΕΑἹῚ</span> <span class='ocrx_word' id='word_1_7' title='bbox 1475 371 1846 420; x_wconf 77' lang='lat' dir='ltr'>FRANCISCI</span> <span class='ocrx_word' id='word_1_8' title='bbox 2496 371 2536 440; x_wconf 73' lang='grc'>3</span> <span class='ocrx_word' id='word_1_9' title='bbox 2559 372 2582 419; x_wconf 88' lang='lat'>1</span> <span class='ocrx_word' id='word_1_10' title='bbox 2601 372 2646 439; x_wconf 85' lang='lat'>9</span> 
     </span>
    </p>
   </div>
   <div class='ocr_carea' id='block_1_7' title="bbox 2412 483 2647 489">
    <p class='ocr_par' dir='ltr' id='par_1_7' title="bbox 2412 483 2647 489">
     <span class='ocr_line' id='line_1_7' title="bbox 2412 483 2647 489; baseline 0 0"><span class='ocrx_word' id='word_1_11' title='bbox 2412 483 2647 489; x_wconf 95' lang='lat' dir='ltr'> </span> 
     </span>
    </p>
   </div>
   <div class='ocr_carea' id='block_1_8' title="bbox 406 596 2651 2814">
    <p class='ocr_par' dir='ltr' id='par_1_8' title="bbox 406 596 2651 2814">
     <span class='ocr_line' id='line_1_8' title="bbox 578 596 2646 711; baseline -0 -34"><span class='ocrx_word' id='word_1_12' title='bbox 578 626 747 677; x_wconf 89' lang='lat'>200.</span> <span class='ocrx_word' id='word_1_13' title='bbox 812 602 1135 675; x_wconf 86' lang='lat' dir='ltr'>Volebat</span> <span class='ocrx_word' id='word_1_14' title='bbox 1207 603 1349 676; x_wconf 89' lang='lat' dir='ltr'>hoc</span> <span class='ocrx_word' id='word_1_15' title='bbox 1423 604 1546 676; x_wconf 92' lang='lat' dir='ltr'>die</span> <span class='ocrx_word' id='word_1_16' title='bbox 1623 629 1994 700; x_wconf 81' lang='lat' dir='ltr'>pauperes</span> <span class='ocrx_word' id='word_1_17' title='bbox 2054 596 2163 710; x_wconf 92' lang='lat' dir='ltr'>[et</span> <span class='ocrx_word' id='word_1_18' title='bbox 2234 596 2646 711; x_wconf 88' lang='lat' dir='ltr'>famelicos]</span> 
     </span>
     <span class='ocr_line' id='line_1_9' title="bbox 410 702 2647 817; baseline -0.001 -33"><span class='ocrx_word' id='word_1_19' title='bbox 410 736 455 784; x_wconf 92' lang='lat' dir='ltr'>a</span> <span class='ocrx_word' id='word_1_20' title='bbox 510 710 861 783; x_wconf 88' lang='lat' dir='ltr'>divitibus</span> <span class='ocrx_word' id='word_1_21' title='bbox 935 710 1268 793; x_wconf 90' lang='lat' dir='ltr'>saturari,</span> <span class='ocrx_word' id='word_1_22' title='bbox 1344 702 1481 817; x_wconf 89' lang='lat' dir='ltr'>[et]</span> <span class='ocrx_word' id='word_1_23' title='bbox 1541 736 1919 783; x_wconf 85' lang='lat' dir='ltr'>annonam</span> <span class='ocrx_word' id='word_1_24' title='bbox 1986 729 2061 784; x_wconf 91' lang='lat' dir='ltr'>et</span> <span class='ocrx_word' id='word_1_25' title='bbox 2126 711 2424 783; x_wconf 88' lang='lat' dir='ltr'>foenum</span> <span class='ocrx_word' id='word_1_26' title='bbox 2491 711 2647 805; x_wconf 63' lang='lat' dir='ltr'>plus</span> 
     </span>
     <span class='ocr_line' id='line_1_10' title="bbox 409 809 2643 925; baseline 0 -35"><span class='ocrx_word' id='word_1_27' title='bbox 409 818 629 890; x_wconf 89' lang='lat' dir='ltr'>solito</span> <span class='ocrx_word' id='word_1_28' title='bbox 686 818 928 890; x_wconf 90' lang='lat' dir='ltr'>bobus</span> <span class='ocrx_word' id='word_1_29' title='bbox 982 834 1059 890; x_wconf 92' lang='lat' dir='ltr'>et</span> <span class='ocrx_word' id='word_1_30' title='bbox 1121 816 1349 889; x_wconf 91' lang='lat' dir='ltr'>asinis</span> <span class='ocrx_word' id='word_1_31' title='bbox 1421 817 1813 915; x_wconf 91' lang='lat' dir='ltr'>indulgeri.</span> <span class='ocrx_word' id='word_1_32' title='bbox 1930 817 2006 890; x_wconf 85' lang='lat' dir='ltr'>Si</span> <span class='ocrx_word' id='word_1_33' title='bbox 2079 814 2390 899; x_wconf 87' lang='lat' dir='ltr'>locutus,</span> <span class='ocrx_word' id='word_1_34' title='bbox 2459 809 2643 925; x_wconf 58' lang='lat' dir='ltr'>[aii-l.</span> 
     </span>
     <span class='ocr_line' id='line_1_11' title="bbox 410 917 2647 1022; baseline 0 -26"><span class='ocrx_word' id='word_1_35' title='bbox 410 925 620 996; x_wconf 87' lang='lat' dir='ltr'>fuero</span> <span class='ocrx_word' id='word_1_36' title='bbox 677 924 1134 1021; x_wconf 85' lang='lat' dir='ltr'>Imperatori,</span> <span class='ocrx_word' id='word_1_37' title='bbox 1198 924 1635 1022; x_wconf 88' lang='lat' dir='ltr'>supplicabo</span> <span class='ocrx_word' id='word_1_38' title='bbox 1692 925 2171 998; x_wconf 90' lang='lat' dir='ltr'>constitutum</span> <span class='ocrx_word' id='word_1_39' title='bbox 2212 925 2366 997; x_wconf 87' lang='lat' dir='ltr'>fieri</span> <span class='ocrx_word' id='word_1_40' title='bbox 2426 917 2647 1021; x_wconf 53' lang='lat' dir='ltr'>grues.-</span> 
     </span>
     <span class='ocr_line' id='line_1_12' title="bbox 409 1031 2651 1129; baseline 0.001 -26"><span class='ocrx_word' id='word_1_41' title='bbox 409 1031 581 1115; x_wconf 89' lang='lat' dir='ltr'>rale,</span> <span class='ocrx_word' id='word_1_42' title='bbox 646 1047 726 1102; x_wconf 92' lang='lat' dir='ltr'>ut</span> <span class='ocrx_word' id='word_1_43' title='bbox 782 1056 1045 1103; x_wconf 91' lang='lat' dir='ltr'>omnes</span> <span class='ocrx_word' id='word_1_44' title='bbox 1100 1031 1225 1127; x_wconf 92' lang='lat' dir='ltr'>qui</span> <span class='ocrx_word' id='word_1_45' title='bbox 1284 1047 1598 1126; x_wconf 85' lang='lat' dir='ltr'>possunt</span> <span class='ocrx_word' id='word_1_46' title='bbox 1654 1033 2023 1105; x_wconf 88' lang='lat' dir='ltr'>frumenta</span> <span class='ocrx_word' id='word_1_47' title='bbox 2077 1048 2154 1105; x_wconf 90' lang='lat' dir='ltr'>et</span> <span class='ocrx_word' id='word_1_48' title='bbox 2218 1057 2451 1129; x_wconf 85' lang='lat' dir='ltr'>grana</span> <span class='ocrx_word' id='word_1_49' title='bbox 2523 1061 2651 1125; x_wconf 54' lang='lat' dir='ltr'>pres</span> 
     </span>
     <span class='ocr_line' id='line_1_13' title="bbox 408 1137 2647 1233; baseline 0 -25"><span class='ocrx_word' id='word_1_50' title='bbox 408 1138 565 1211; x_wconf 87' lang='lat' dir='ltr'>vias</span> <span class='ocrx_word' id='word_1_51' title='bbox 623 1138 1033 1233; x_wconf 89' lang='lat' dir='ltr'>proiiciant,</span> <span class='ocrx_word' id='word_1_52' title='bbox 1101 1154 1179 1209; x_wconf 91' lang='lat' dir='ltr'>ut</span> <span class='ocrx_word' id='word_1_53' title='bbox 1235 1138 1357 1209; x_wconf 93' lang='lat' dir='ltr'>die</span> <span class='ocrx_word' id='word_1_54' title='bbox 1414 1154 1669 1210; x_wconf 84' lang='lat' dir='ltr'>tantae</span> <span class='ocrx_word' id='word_1_55' title='bbox 1725 1137 2217 1212; x_wconf 84' lang='lat' dir='ltr'>solemnitatis</span> <span class='ocrx_word' id='word_1_56' title='bbox 2264 1140 2647 1211; x_wconf 54' lang='lat' dir='ltr'>abund-2:11„</span> 
     </span>
     <span class='ocr_line' id='line_1_14' title="bbox 406 1243 2647 1342; baseline 0 -25"><span class='ocrx_word' id='word_1_57' title='bbox 406 1243 762 1327; x_wconf 89' lang='lat' dir='ltr'>aviculae,</span> <span class='ocrx_word' id='word_1_58' title='bbox 843 1245 1245 1342; x_wconf 82' lang='lat' dir='ltr'>praecipue</span> <span class='ocrx_word' id='word_1_59' title='bbox 1330 1270 1628 1318; x_wconf 92' lang='lat' dir='ltr'>sorores</span> <span class='ocrx_word' id='word_1_60' title='bbox 1710 1244 2046 1319; x_wconf 90' lang='lat' dir='ltr'>alaudae.</span> <span class='ocrx_word' id='word_1_61' title='bbox 2190 1247 2647 1341; x_wconf 56' lang='lat' dir='ltr'>paupercula</span> 
     </span>
     <span class='ocr_line' id='line_1_15' title="bbox 408 1351 2639 1449; baseline -0.001 -27"><span class='ocrx_word' id='word_1_62' title='bbox 408 1352 648 1449; x_wconf 91' lang='lat' dir='ltr'>Virgo</span> <span class='ocrx_word' id='word_1_63' title='bbox 720 1366 999 1447; x_wconf 91' lang='lat' dir='ltr'>quanta</span> <span class='ocrx_word' id='word_1_64' title='bbox 1073 1351 1195 1425; x_wconf 91' lang='lat' dir='ltr'>illo</span> <span class='ocrx_word' id='word_1_65' title='bbox 1253 1351 1373 1424; x_wconf 91' lang='lat' dir='ltr'>die</span> <span class='ocrx_word' id='word_1_66' title='bbox 1450 1351 1666 1424; x_wconf 87' lang='lat' dir='ltr'>fuerit</span> <span class='ocrx_word' id='word_1_67' title='bbox 1734 1351 2237 1426; x_wconf 89' lang='lat' dir='ltr'>circumventa</span> <span class='ocrx_word' id='word_1_68' title='bbox 2313 1357 2639 1448; x_wconf 54' lang='lat' dir='ltr'>penuria„</span> 
     </span>
     <span class='ocr_line' id='line_1_16' title="bbox 411 1457 2643 1555; baseline -0 -25"><span class='ocrx_word' id='word_1_69' title='bbox 411 1484 555 1530; x_wconf 92' lang='lat' dir='ltr'>non</span> <span class='ocrx_word' id='word_1_70' title='bbox 617 1458 775 1531; x_wconf 90' lang='lat' dir='ltr'>sine</span> <span class='ocrx_word' id='word_1_71' title='bbox 845 1459 1167 1531; x_wconf 87' lang='lat' dir='ltr'>lacrimis</span> <span class='ocrx_word' id='word_1_72' title='bbox 1234 1457 1631 1531; x_wconf 88' lang='lat' dir='ltr'>recolebat.</span> <span class='ocrx_word' id='word_1_73' title='bbox 1783 1458 2091 1532; x_wconf 86' lang='lat' dir='ltr'>Sedenti</span> <span class='ocrx_word' id='word_1_74' title='bbox 2163 1485 2483 1555; x_wconf 73' lang='lat' dir='ltr'>namque</span> <span class='ocrx_word' id='word_1_75' title='bbox 2555 1465 2643 1529; x_wconf 61' lang='lat' dir='ltr'>sul</span> 
     </span>
     <span class='ocr_line' id='line_1_17' title="bbox 406 1565 2647 1663; baseline 0 -27"><span class='ocrx_word' id='word_1_76' title='bbox 406 1565 800 1662; x_wconf 91' lang='lat' dir='ltr'>prandium</span> <span class='ocrx_word' id='word_1_77' title='bbox 858 1566 981 1637; x_wconf 89' lang='lat' dir='ltr'>die</span> <span class='ocrx_word' id='word_1_78' title='bbox 1039 1567 1383 1662; x_wconf 83' lang='lat' dir='ltr'>quadam,</span> <span class='ocrx_word' id='word_1_79' title='bbox 1447 1583 1964 1663; x_wconf 89' lang='lat' dir='ltr'>paupertatem</span> <span class='ocrx_word' id='word_1_80' title='bbox 2007 1568 2272 1638; x_wconf 92' lang='lat' dir='ltr'>beatae</span> <span class='ocrx_word' id='word_1_81' title='bbox 2313 1566 2647 1661; x_wconf 34' lang='lat' dir='ltr'>virgg-mia</span> 
     </span>
     <span class='ocr_line' id='line_1_18' title="bbox 408 1672 2643 1769; baseline 0.001 -26"><span class='ocrx_word' id='word_1_82' title='bbox 408 1689 948 1744; x_wconf 89' lang='lat' dir='ltr'>commemorat</span> <span class='ocrx_word' id='word_1_83' title='bbox 1005 1672 1305 1769; x_wconf 91' lang='lat' dir='ltr'>quidam</span> <span class='ocrx_word' id='word_1_84' title='bbox 1368 1673 1609 1755; x_wconf 88' lang='lat' dir='ltr'>frater,</span> <span class='ocrx_word' id='word_1_85' title='bbox 1676 1688 1750 1745; x_wconf 92' lang='lat' dir='ltr'>et</span> <span class='ocrx_word' id='word_1_86' title='bbox 1809 1672 2082 1746; x_wconf 85' lang='lat' dir='ltr'>Christi</span> <span class='ocrx_word' id='word_1_87' title='bbox 2135 1672 2255 1743; x_wconf 87' lang='lat' dir='ltr'>filii</span> <span class='ocrx_word' id='word_1_88' title='bbox 2298 1673 2455 1746; x_wconf 79' lang='lat' dir='ltr'>eius</span> <span class='ocrx_word' id='word_1_89' title='bbox 2503 1677 2643 1745; x_wconf 64' lang='lat' dir='ltr'>{nm-</span> 
     </span>
     <span class='ocr_line' id='line_1_19' title="bbox 406 1779 2643 1877; baseline 0 -28"><span class='ocrx_word' id='word_1_90' title='bbox 406 1779 606 1876; x_wconf 88' lang='lat' dir='ltr'>piam</span> <span class='ocrx_word' id='word_1_91' title='bbox 668 1780 993 1875; x_wconf 85' lang='lat' dir='ltr'>replicat.</span> <span class='ocrx_word' id='word_1_92' title='bbox 1138 1779 1481 1851; x_wconf 87' lang='lat' dir='ltr'>Protinus</span> <span class='ocrx_word' id='word_1_93' title='bbox 1538 1780 1780 1876; x_wconf 85' lang='lat' dir='ltr'>surgit</span> <span class='ocrx_word' id='word_1_94' title='bbox 1835 1805 1879 1852; x_wconf 93' lang='lat' dir='ltr'>a</span> <span class='ocrx_word' id='word_1_95' title='bbox 1938 1804 2214 1859; x_wconf 90' lang='lat' dir='ltr'>mensa,</span> <span class='ocrx_word' id='word_1_96' title='bbox 2278 1779 2643 1877; x_wconf 52' lang='lat' dir='ltr'>singultim</span> 
     </span>
     <span class='ocr_line' id='line_1_20' title="bbox 409 1886 2643 1983; baseline -0 -26"><span class='ocrx_word' id='word_1_97' title='bbox 409 1886 822 1983; x_wconf 86' lang='lat' dir='ltr'>ingeminat</span> <span class='ocrx_word' id='word_1_98' title='bbox 847 1886 1259 1969; x_wconf 82' lang='lat' dir='ltr'>dolorOSOS‚</span> <span class='ocrx_word' id='word_1_99' title='bbox 1288 1902 1363 1958; x_wconf 92' lang='lat' dir='ltr'>et</span> <span class='ocrx_word' id='word_1_100' title='bbox 1395 1886 1737 1982; x_wconf 88' lang='lat' dir='ltr'>perfusus</span> <span class='ocrx_word' id='word_1_101' title='bbox 1768 1886 2086 1958; x_wconf 89' lang='lat' dir='ltr'>lacrimis</span> <span class='ocrx_word' id='word_1_102' title='bbox 2117 1912 2341 1982; x_wconf 92' lang='lat' dir='ltr'>supra</span> <span class='ocrx_word' id='word_1_103' title='bbox 2374 1893 2643 1958; x_wconf 57' lang='lat' dir='ltr'>nudum</span> 
     </span>
     <span class='ocr_line' id='line_1_21' title="bbox 408 1992 2643 2089; baseline -0.001 -25"><span class='ocrx_word' id='word_1_104' title='bbox 408 1992 715 2065; x_wconf 90' lang='lat' dir='ltr'>humum</span> <span class='ocrx_word' id='word_1_105' title='bbox 762 1992 1124 2088; x_wconf 85' lang='lat' dir='ltr'>reliquum</span> <span class='ocrx_word' id='word_1_106' title='bbox 1167 2018 1439 2089; x_wconf 90' lang='lat' dir='ltr'>panem</span> <span class='ocrx_word' id='word_1_107' title='bbox 1489 1993 1911 2064; x_wconf 89' lang='lat' dir='ltr'>manducat.</span> <span class='ocrx_word' id='word_1_108' title='bbox 2029 1993 2213 2065; x_wconf 88' lang='lat' dir='ltr'>Inde</span> <span class='ocrx_word' id='word_1_109' title='bbox 2269 1994 2459 2065; x_wconf 77' lang='lat' dir='ltr'>hanc</span> <span class='ocrx_word' id='word_1_110' title='bbox 2515 1997 2643 2065; x_wconf 61' lang='lat' dir='ltr'>rir-</span> 
     </span>
     <span class='ocr_line' id='line_1_22' title="bbox 409 2098 2643 2197; baseline -0 -27"><span class='ocrx_word' id='word_1_111' title='bbox 409 2116 641 2171; x_wconf 91' lang='lat' dir='ltr'>tutem</span> <span class='ocrx_word' id='word_1_112' title='bbox 704 2099 989 2196; x_wconf 88' lang='lat' dir='ltr'>regiam</span> <span class='ocrx_word' id='word_1_113' title='bbox 1049 2124 1213 2171; x_wconf 89' lang='lat' dir='ltr'>esse</span> <span class='ocrx_word' id='word_1_114' title='bbox 1273 2099 1592 2182; x_wconf 91' lang='lat' dir='ltr'>dicebat,</span> <span class='ocrx_word' id='word_1_115' title='bbox 1641 2125 1835 2195; x_wconf 91' lang='lat' dir='ltr'>quae</span> <span class='ocrx_word' id='word_1_116' title='bbox 1892 2098 1965 2171; x_wconf 94' lang='lat' dir='ltr'>in</span> <span class='ocrx_word' id='word_1_117' title='bbox 2016 2126 2199 2197; x_wconf 89' lang='lat' dir='ltr'>rege</span> <span class='ocrx_word' id='word_1_118' title='bbox 2257 2117 2335 2172; x_wconf 93' lang='lat' dir='ltr'>et</span> <span class='ocrx_word' id='word_1_119' title='bbox 2385 2105 2643 2193; x_wconf 54' lang='lat' dir='ltr'>regim</span> 
     </span>
     <span class='ocr_line' id='line_1_23' title="bbox 410 2197 2639 2313; baseline 0 -36"><span class='ocrx_word' id='word_1_120' title='bbox 410 2223 561 2277; x_wconf 89' lang='lat' dir='ltr'>tam</span> <span class='ocrx_word' id='word_1_121' title='bbox 611 2221 1081 2302; x_wconf 90' lang='lat' dir='ltr'>praestanter</span> <span class='ocrx_word' id='word_1_122' title='bbox 1119 2197 1481 2313; x_wconf 83' lang='lat' dir='ltr'>effuls[it].</span> <span class='ocrx_word' id='word_1_123' title='bbox 1599 2206 1793 2279; x_wconf 88' lang='lat' dir='ltr'>Nam</span> <span class='ocrx_word' id='word_1_124' title='bbox 1835 2223 1909 2278; x_wconf 93' lang='lat' dir='ltr'>et</span> <span class='ocrx_word' id='word_1_125' title='bbox 1950 2206 2539 2279; x_wconf 22' lang='lat' dir='ltr'>consultantibus-„122</span> <span class='ocrx_word' id='word_1_126' title='bbox 2579 2213 2639 2277; x_wconf 70' lang='lat' dir='ltr'>in</span> 
     </span>
     <span class='ocr_line' id='line_1_24' title="bbox 410 2312 2647 2410; baseline 0 -26"><span class='ocrx_word' id='word_1_127' title='bbox 410 2312 743 2384; x_wconf 90' lang='lat' dir='ltr'>conclavi</span> <span class='ocrx_word' id='word_1_128' title='bbox 778 2313 1123 2384; x_wconf 89' lang='lat' dir='ltr'>fratribus</span> <span class='ocrx_word' id='word_1_129' title='bbox 1163 2339 1356 2410; x_wconf 93' lang='lat' dir='ltr'>quae</span> <span class='ocrx_word' id='word_1_130' title='bbox 1386 2317 1622 2385; x_wconf 89' lang='lat' dir='ltr'>virtus</span> <span class='ocrx_word' id='word_1_131' title='bbox 1654 2314 1894 2410; x_wconf 89' lang='lat' dir='ltr'>magis</span> <span class='ocrx_word' id='word_1_132' title='bbox 1935 2313 2255 2386; x_wconf 90' lang='lat' dir='ltr'>amicum</span> <span class='ocrx_word' id='word_1_133' title='bbox 2298 2315 2647 2386; x_wconf 52' lang='lat' dir='ltr'>redtimxt</span> 
     </span>
     <span class='ocr_line' id='line_1_25' title="bbox 413 2419 2643 2517; baseline 0.001 -25"><span class='ocrx_word' id='word_1_134' title='bbox 413 2419 730 2503; x_wconf 84' lang='lat' dir='ltr'>Christo,</span> <span class='ocrx_word' id='word_1_135' title='bbox 780 2419 988 2517; x_wconf 88' lang='lat' dir='ltr'>quasi</span> <span class='ocrx_word' id='word_1_136' title='bbox 1047 2438 1416 2494; x_wconf 91' lang='lat' dir='ltr'>secretum</span> <span class='ocrx_word' id='word_1_137' title='bbox 1459 2420 1568 2493; x_wconf 92' lang='lat' dir='ltr'>sui</span> <span class='ocrx_word' id='word_1_138' title='bbox 1630 2420 1875 2493; x_wconf 90' lang='lat' dir='ltr'>cordis</span> <span class='ocrx_word' id='word_1_139' title='bbox 1922 2422 2299 2517; x_wconf 83' lang='lat' dir='ltr'>aperienS,</span> <span class='ocrx_word' id='word_1_140' title='bbox 2345 2447 2643 2517; x_wconf 56' lang='lat' dir='ltr'>respun-</span> 
     </span>
     <span class='ocr_line' id='line_1_26' title="bbox 409 2520 2639 2635; baseline -0.001 -37"><span class='ocrx_word' id='word_1_141' title='bbox 409 2527 661 2599; x_wconf 89' lang='lat' dir='ltr'>debat:</span> <span class='ocrx_word' id='word_1_142' title='bbox 701 2529 1223 2624; x_wconf 89' lang='lat' dir='ltr'>Paupertatem</span> <span class='ocrx_word' id='word_1_143' title='bbox 1267 2520 1690 2635; x_wconf 88' lang='lat' dir='ltr'>noveri[ti]s</span> <span class='ocrx_word' id='word_1_144' title='bbox 1750 2520 1961 2635; x_wconf 86' lang='lat' dir='ltr'>fili[i]‚</span> <span class='ocrx_word' id='word_1_145' title='bbox 1999 2527 2398 2625; x_wconf 92' lang='lat' dir='ltr'>specialem</span> <span class='ocrx_word' id='word_1_146' title='bbox 2451 2533 2639 2597; x_wconf 50' lang='lat' dir='ltr'>rhum</span> 
     </span>
     <span class='ocr_line' id='line_1_27' title="bbox 408 2634 2643 2732; baseline -0.002 -27"><span class='ocrx_word' id='word_1_147' title='bbox 408 2634 686 2715; x_wconf 86' lang='lat' dir='ltr'>salutis,</span> <span class='ocrx_word' id='word_1_148' title='bbox 748 2636 956 2708; x_wconf 91' lang='lat' dir='ltr'>cuius</span> <span class='ocrx_word' id='word_1_149' title='bbox 1012 2653 1125 2708; x_wconf 90' lang='lat' dir='ltr'>est</span> <span class='ocrx_word' id='word_1_150' title='bbox 1184 2637 1464 2708; x_wconf 87' lang='lat' dir='ltr'>fructus</span> <span class='ocrx_word' id='word_1_151' title='bbox 1521 2634 1909 2732; x_wconf 87' lang='lat' dir='ltr'>multiplex</span> <span class='ocrx_word' id='word_1_152' title='bbox 1964 2652 2040 2708; x_wconf 92' lang='lat' dir='ltr'>et</span> <span class='ocrx_word' id='word_1_153' title='bbox 2104 2635 2360 2732; x_wconf 92' lang='lat' dir='ltr'>paucis</span> <span class='ocrx_word' id='word_1_154' title='bbox 2429 2637 2643 2705; x_wconf 48' lang='lat' dir='ltr'>nutis-</span> 
     </span>
     <span class='ocr_line' id='line_1_28' title="bbox 408 2765 659 2814; baseline 0.008 -2"><span class='ocrx_word' id='word_1_155' title='bbox 408 2765 659 2814; x_wconf 73' lang='lat' dir='ltr'>Simus,</span> 
     </span>
    </p>
   </div>
   <div class='ocr_carea' id='block_1_9' title="bbox 1261 2851 1381 2858">
    <p class='ocr_par' dir='ltr' id='par_1_9' title="bbox 1261 2851 1381 2858">
     <span class='ocr_line' id='line_1_29' title="bbox 1261 2851 1381 2858; baseline 0 -1"><span class='ocrx_word' id='word_1_156' title='bbox 1261 2851 1381 2858; x_wconf 84' lang='lat'>—.</span> 
     </span>
    </p>
   </div>
   <div class='ocr_carea' id='block_1_10' title="bbox 1382 2851 1793 2858">
    <p class='ocr_par' dir='ltr' id='par_1_10' title="bbox 1382 2851 1793 2858">
     <span class='ocr_line' id='line_1_30' title="bbox 1382 2851 1793 2858; baseline 0 2017"><span class='ocrx_word' id='word_1_157' title='bbox 1382 2851 1793 2858; x_wconf 95' lang='lat' dir='ltr'> </span> 
     </span>
    </p>
   </div>
   <div class='ocr_carea' id='block_1_11' title="bbox 625 2991 2430 3107">
    <p class='ocr_par' dir='ltr' id='par_1_11' title="bbox 625 2991 2430 3107">
     <span class='ocr_line' id='line_1_31' title="bbox 625 2991 2430 3107; baseline -0.001 -36"><span class='ocrx_word' id='word_1_158' title='bbox 625 2991 774 3106; x_wconf 85' lang='lat' dir='ltr'>[De</span> <span class='ocrx_word' id='word_1_159' title='bbox 819 3001 1184 3073; x_wconf 79' lang='lat' dir='ltr'>devotione</span> <span class='ocrx_word' id='word_1_160' title='bbox 1220 3003 1323 3073; x_wconf 80' lang='lat' dir='ltr'>ad</span> <span class='ocrx_word' id='word_1_161' title='bbox 1367 3001 1650 3096; x_wconf 80' lang='lat' dir='ltr'>Corpus</span> <span class='ocrx_word' id='word_1_162' title='bbox 1705 2991 2090 3107; x_wconf 66' lang='lat' dir='ltr'>Domini}</span> <span class='ocrx_word' id='word_1_163' title='bbox 2210 2999 2430 3071; x_wconf 89' lang='lat' dir='ltr'><strong>CLII.</strong></span> 
     </span>
    </p>
   </div>
   <div class='ocr_carea' id='block_1_12' title="bbox 408 3213 2647 4060">
    <p class='ocr_par' dir='ltr' id='par_1_12' title="bbox 408 3213 2647 4060">
     <span class='ocr_line' id='line_1_32' title="bbox 576 3213 2619 3311; baseline -0 -28"><span class='ocrx_word' id='word_1_164' title='bbox 576 3236 745 3284; x_wconf 87' lang='lat'><em>201.</em></span> <span class='ocrx_word' id='word_1_165' title='bbox 794 3213 1200 3307; x_wconf 80' lang='lat' dir='ltr'>Flagrabat</span> <span class='ocrx_word' id='word_1_166' title='bbox 1240 3239 1424 3311; x_wconf 93' lang='lat' dir='ltr'>erga</span> <span class='ocrx_word' id='word_1_167' title='bbox 1462 3229 2010 3286; x_wconf 89' lang='lat' dir='ltr'>sacramentum</span> <span class='ocrx_word' id='word_1_168' title='bbox 2053 3214 2429 3285; x_wconf 90' lang='lat' dir='ltr'>Dominici</span> <span class='ocrx_word' id='word_1_169' title='bbox 2475 3222 2507 3282; x_wconf 71' lang='lat'>¹1.</span> <span class='ocrx_word' id='word_1_170' title='bbox 2543 3242 2619 3282; x_wconf 50' lang='lat' dir='ltr'>mr</span> 
     </span>
     <span class='ocr_line' id='line_1_33' title="bbox 409 3320 2647 3418; baseline -0.001 -28"><span class='ocrx_word' id='word_1_171' title='bbox 409 3320 611 3415; x_wconf 90' lang='lat' dir='ltr'>poris</span> <span class='ocrx_word' id='word_1_172' title='bbox 645 3321 930 3392; x_wconf 86' lang='lat' dir='ltr'>fervore</span> <span class='ocrx_word' id='word_1_173' title='bbox 960 3321 1290 3392; x_wconf 90' lang='lat' dir='ltr'>omnium</span> <span class='ocrx_word' id='word_1_174' title='bbox 1323 3320 1834 3404; x_wconf 89' lang='lat' dir='ltr'>medullarum,</span> <span class='ocrx_word' id='word_1_175' title='bbox 1872 3320 2154 3418; x_wconf 90' lang='lat' dir='ltr'>stupori</span> <span class='ocrx_word' id='word_1_176' title='bbox 2187 3322 2647 3416; x_wconf 46' lang='lat' dir='ltr'>permaxiw</span> 
     </span>
     <span class='ocr_line' id='line_1_34' title="bbox 413 3419 2645 3534; baseline -0.001 -37"><span class='ocrx_word' id='word_1_177' title='bbox 413 3419 760 3534; x_wconf 86' lang='lat' dir='ltr'>[habens]</span> <span class='ocrx_word' id='word_1_178' title='bbox 795 3426 989 3500; x_wconf 89' lang='lat' dir='ltr'>illam</span> <span class='ocrx_word' id='word_1_179' title='bbox 1031 3452 1277 3500; x_wconf 90' lang='lat' dir='ltr'>caram</span> <span class='ocrx_word' id='word_1_180' title='bbox 1336 3427 1849 3524; x_wconf 86' lang='lat' dir='ltr'>dignationem</span> <span class='ocrx_word' id='word_1_181' title='bbox 1891 3443 1966 3500; x_wconf 89' lang='lat' dir='ltr'>et</span> <span class='ocrx_word' id='word_1_182' title='bbox 2004 3426 2645 3525; x_wconf 40' lang='lat' dir='ltr'>dignantissima-ma</span> 
     </span>
     <span class='ocr_line' id='line_1_35' title="bbox 411 3534 2643 3626; baseline -0.002 -20"><span class='ocrx_word' id='word_1_183' title='bbox 411 3534 869 3606; x_wconf 89' lang='lat' dir='ltr'>charitatem.</span> <span class='ocrx_word' id='word_1_184' title='bbox 984 3534 1292 3607; x_wconf 91' lang='lat' dir='ltr'>Missam</span> <span class='ocrx_word' id='word_1_185' title='bbox 1351 3535 1466 3606; x_wconf 91' lang='lat' dir='ltr'>vel</span> <span class='ocrx_word' id='word_1_186' title='bbox 1528 3534 1821 3607; x_wconf 90' lang='lat' dir='ltr'>unicam</span> <span class='ocrx_word' id='word_1_187' title='bbox 1884 3560 2030 3608; x_wconf 91' lang='lat' dir='ltr'>non</span> <span class='ocrx_word' id='word_1_188' title='bbox 2091 3535 2350 3606; x_wconf 89' lang='lat' dir='ltr'>audire</span> <span class='ocrx_word' id='word_1_189' title='bbox 2416 3538 2643 3626; x_wconf 47' lang='lat' dir='ltr'>qnos:-</span> 
     </span>
     <span class='ocr_line' id='line_1_36' title="bbox 409 3641 2507 3737; baseline -0.003 -25"><span class='ocrx_word' id='word_1_190' title='bbox 409 3641 550 3723; x_wconf 89' lang='lat' dir='ltr'>die,</span> <span class='ocrx_word' id='word_1_191' title='bbox 598 3642 657 3712; x_wconf 90' lang='lat' dir='ltr'>si</span> <span class='ocrx_word' id='word_1_192' title='bbox 716 3659 1033 3723; x_wconf 90' lang='lat' dir='ltr'>vacaret,</span> <span class='ocrx_word' id='word_1_193' title='bbox 1102 3666 1246 3712; x_wconf 87' lang='lat' dir='ltr'>non</span> <span class='ocrx_word' id='word_1_194' title='bbox 1308 3666 1620 3737; x_wconf 90' lang='lat' dir='ltr'>parvum</span> <span class='ocrx_word' id='word_1_195' title='bbox 1678 3643 2073 3737; x_wconf 87' lang='lat' dir='ltr'>reputabat</span> <span class='ocrx_word' id='word_1_196' title='bbox 2111 3658 2507 3735; x_wconf 50' lang='lat' dir='ltr'>contempus</span> 
     </span>
     <span class='ocr_line' id='line_1_37' title="bbox 409 3747 2647 3844; baseline -0.003 -25"><span class='ocrx_word' id='word_1_197' title='bbox 409 3747 654 3844; x_wconf 88' lang='lat' dir='ltr'>Saepe</span> <span class='ocrx_word' id='word_1_198' title='bbox 694 3747 1311 3828; x_wconf 81' lang='lat' dir='ltr'>communicabat,</span> <span class='ocrx_word' id='word_1_199' title='bbox 1360 3766 1436 3820; x_wconf 90' lang='lat' dir='ltr'>et</span> <span class='ocrx_word' id='word_1_200' title='bbox 1475 3765 1626 3820; x_wconf 89' lang='lat' dir='ltr'>tam</span> <span class='ocrx_word' id='word_1_201' title='bbox 1683 3750 1954 3820; x_wconf 89' lang='lat' dir='ltr'>devote</span> <span class='ocrx_word' id='word_1_202' title='bbox 1997 3764 2076 3819; x_wconf 90' lang='lat' dir='ltr'>ut</span> <span class='ocrx_word' id='word_1_203' title='bbox 2113 3748 2297 3818; x_wconf 89' lang='lat' dir='ltr'>alios</span> <span class='ocrx_word' id='word_1_204' title='bbox 2336 3747 2491 3817; x_wconf 54' lang='lat' dir='ltr'>dean</span> <span class='ocrx_word' id='word_1_205' title='bbox 2519 3774 2647 3812; x_wconf 50' lang='grc' dir='ltr'>ω</span> 
     </span>
     <span class='ocr_line' id='line_1_38' title="bbox 408 3854 2643 3928; baseline -0.003 0"><span class='ocrx_word' id='word_1_206' title='bbox 408 3855 760 3928; x_wconf 87' lang='lat' dir='ltr'>efficeret.</span> <span class='ocrx_word' id='word_1_207' title='bbox 888 3855 1416 3927; x_wconf 87' lang='lat' dir='ltr'>Reverendum</span> <span class='ocrx_word' id='word_1_208' title='bbox 1479 3856 1676 3926; x_wconf 91' lang='lat' dir='ltr'>enim</span> <span class='ocrx_word' id='word_1_209' title='bbox 1736 3854 1912 3926; x_wconf 90' lang='lat' dir='ltr'>illud</span> <span class='ocrx_word' id='word_1_210' title='bbox 1972 3854 2173 3925; x_wconf 88' lang='lat' dir='ltr'>omni</span> <span class='ocrx_word' id='word_1_211' title='bbox 2233 3858 2643 3925; x_wconf 53' lang='lat' dir='ltr'>revert-umm</span> 
     </span>
     <span class='ocr_line' id='line_1_39' title="bbox 409 3960 2647 4060; baseline -0.004 -26"><span class='ocrx_word' id='word_1_212' title='bbox 409 3987 892 4060; x_wconf 89' lang='lat' dir='ltr'>prosequens,</span> <span class='ocrx_word' id='word_1_213' title='bbox 975 3963 1477 4034; x_wconf 89' lang='lat' dir='ltr'>membrorum</span> <span class='ocrx_word' id='word_1_214' title='bbox 1546 3961 1876 4033; x_wconf 88' lang='lat' dir='ltr'>omnium</span> <span class='ocrx_word' id='word_1_215' title='bbox 1964 3960 2401 4032; x_wconf 86' lang='lat' dir='ltr'>sacrificium</span> <span class='ocrx_word' id='word_1_216' title='bbox 2479 3962 2647 4026; x_wconf 45' lang='lat' dir='ltr'>mil-u</span> 
     </span>
    </p>
   </div>
   <div class='ocr_carea' id='block_1_13' title="bbox 409 4181 2635 4476">
    <p class='ocr_par' dir='ltr' id='par_1_13' title="bbox 409 4181 2635 4476">
     <span class='ocr_line' id='line_1_40' title="bbox 556 4181 2535 4247; baseline -0.003 -12"><span class='ocrx_word' id='word_1_217' title='bbox 556 4199 598 4235; x_wconf 89' lang='lat'>1.</span> <span class='ocrx_word' id='word_1_218' title='bbox 638 4182 688 4235; x_wconf 90' lang='lat' dir='ltr'><em>A</em></span> <span class='ocrx_word' id='word_1_219' title='bbox 730 4200 826 4236; x_wconf 89' lang='lat' dir='ltr'>om.</span> <span class='ocrx_word' id='word_1_220' title='bbox 866 4193 917 4235; x_wconf 84' lang='lat' dir='ltr'>et</span> <span class='ocrx_word' id='word_1_221' title='bbox 957 4181 1239 4235; x_wconf 84' lang='lat' dir='ltr'>famelicos</span> <span class='ocrx_word' id='word_1_222' title='bbox 1371 4197 1415 4235; x_wconf 90' lang='lat'>2.</span> <span class='ocrx_word' id='word_1_223' title='bbox 1450 4182 1498 4234; x_wconf 89' lang='lat' dir='ltr'><em>A</em></span> <span class='ocrx_word' id='word_1_224' title='bbox 1532 4199 1629 4234; x_wconf 82' lang='lat' dir='ltr'>om.</span> <span class='ocrx_word' id='word_1_225' title='bbox 1665 4193 1717 4234; x_wconf 88' lang='lat' dir='ltr'>et</span> <span class='ocrx_word' id='word_1_226' title='bbox 1850 4196 1894 4247; x_wconf 88' lang='lat'>3.</span> <span class='ocrx_word' id='word_1_227' title='bbox 1928 4182 1975 4233; x_wconf 87' lang='lat' dir='ltr'><em>A</em></span> <span class='ocrx_word' id='word_1_228' title='bbox 2005 4197 2102 4233; x_wconf 90' lang='lat' dir='ltr'>om.</span> <span class='ocrx_word' id='word_1_229' title='bbox 2132 4183 2204 4232; x_wconf 78' lang='lat' dir='ltr'>ait</span> <span class='ocrx_word' id='word_1_230' title='bbox 2339 4195 2417 4247; x_wconf 85' lang='lat'>13.</span> <span class='ocrx_word' id='word_1_231' title='bbox 2459 4186 2488 4230; x_wconf 67' lang='grc' dir='ltr'><em>Η</em></span> <span class='ocrx_word' id='word_1_232' title='bbox 2531 4203 2535 4210; x_wconf 48' lang='lat'><em>*</em></span> 
     </span>
     <span class='ocr_line' id='line_1_41' title="bbox 409 4259 2635 4331; baseline -0.002 -16"><span class='ocrx_word' id='word_1_233' title='bbox 409 4263 537 4316; x_wconf 84' lang='lat' dir='ltr'>susis</span> <span class='ocrx_word' id='word_1_234' title='bbox 579 4262 813 4316; x_wconf 85' lang='lat' dir='ltr'>lacrimis</span> <span class='ocrx_word' id='word_1_235' title='bbox 853 4279 1011 4331; x_wconf 86' lang='lat' dir='ltr'>super</span> <span class='ocrx_word' id='word_1_236' title='bbox 1163 4279 1238 4328; x_wconf 82' lang='lat'>¹5·</span> <span class='ocrx_word' id='word_1_237' title='bbox 1279 4262 1511 4331; x_wconf 82' lang='lat' dir='ltr'>regiam]</span> <span class='ocrx_word' id='word_1_238' title='bbox 1546 4263 1595 4314; x_wconf 87' lang='lat' dir='ltr'><em>A</em></span> <span class='ocrx_word' id='word_1_239' title='bbox 1634 4261 1877 4328; x_wconf 80' lang='lat' dir='ltr'>reginam</span> <span class='ocrx_word' id='word_1_240' title='bbox 2052 4259 2128 4313; x_wconf 84' lang='lat'>16.</span> <span class='ocrx_word' id='word_1_241' title='bbox 2171 4262 2211 4314; x_wconf 88' lang='lat' dir='ltr'><em>R</em></span> <span class='ocrx_word' id='word_1_242' title='bbox 2251 4266 2503 4329; x_wconf 69' lang='lat' dir='ltr'>praem&#39;m</span> <span class='ocrx_word' id='word_1_243' title='bbox 2537 4282 2538 4287; x_wconf 45' lang='lat'>¹</span> <span class='ocrx_word' id='word_1_244' title='bbox 2631 4285 2635 4294; x_wconf 87' lang='lat'>·</span> 
     </span>
     <span class='ocr_line' id='line_1_42' title="bbox 409 4338 2495 4410; baseline -0.003 -15"><span class='ocrx_word' id='word_1_245' title='bbox 409 4344 457 4395; x_wconf 88' lang='lat' dir='ltr'><em>A</em></span> <span class='ocrx_word' id='word_1_246' title='bbox 498 4343 813 4395; x_wconf 80' lang='lat' dir='ltr'>effulserunt</span> <span class='ocrx_word' id='word_1_247' title='bbox 879 4341 935 4406; x_wconf 88' lang='lat' dir='ltr'>P,</span> <span class='ocrx_word' id='word_1_248' title='bbox 960 4345 1000 4397; x_wconf 90' lang='lat' dir='ltr'><em>R</em></span> <span class='ocrx_word' id='word_1_249' title='bbox 1034 4341 1291 4395; x_wconf 83' lang='lat' dir='ltr'>effulserit</span> <span class='ocrx_word' id='word_1_250' title='bbox 1438 4358 1521 4407; x_wconf 83' lang='lat'>24.</span> <span class='ocrx_word' id='word_1_251' title='bbox 1562 4342 1611 4394; x_wconf 87' lang='lat' dir='ltr'><em>A</em></span> <span class='ocrx_word' id='word_1_252' title='bbox 1651 4355 1868 4410; x_wconf 88' lang='lat' dir='ltr'>stupore</span> <span class='ocrx_word' id='word_1_253' title='bbox 2017 4356 2100 4409; x_wconf 84' lang='lat'>25.</span> <span class='ocrx_word' id='word_1_254' title='bbox 2134 4338 2362 4407; x_wconf 86' lang='lat' dir='ltr'>habens]</span> <span class='ocrx_word' id='word_1_255' title='bbox 2396 4342 2443 4390; x_wconf 80' lang='lat' dir='ltr'><em>A</em></span> <span class='ocrx_word' id='word_1_256' title='bbox 2479 4370 2495 4390; x_wconf 81' lang='lat'>¹..</span> 
     </span>
     <span class='ocr_line' id='line_1_43' title="bbox 410 4425 604 4476; baseline 0.005 -1"><span class='ocrx_word' id='word_1_257' title='bbox 410 4425 604 4476; x_wconf 87' lang='lat' dir='ltr'>derans</span> 
     </span>
    </p>
   </div>
  </div>
 </body>
</html>
