3142 4875
268 300 340 369 118
661 325 833 375 LEGENDA
860 327 972 376 enum

263 556 370 654 nigra
399 556 519 630 suerat
546 557 660 653 prius,
680 558 843 632 candore
872 559 985 632 nimio
1015 558 1249 643 renitentem,
1273 577 1312 632 et
1330 586 1380 632 ex

262 662 318 735 sui
338 663 612 761 pulchritudine
639 665 772 738 beatae
802 666 1082 739 resurrectionis
1110 667 1275 763 praemia
1303 667 1380 763 pol-

262 769 447 843 licentem.
506 772 721 845 Cernebant
740 773 904 869 denique
922 774 1063 846 vultum
1084 775 1163 847 eius
1182 773 1288 870 quasi
1304 772 1381 846 vul-

263 892 340 949 tum
370 877 506 974 angeli,
537 879 642 975 quasi
671 878 824 961 viveret,
855 904 930 952 non
957 880 1052 952 sicut
1071 897 1238 953 mortuus
1266 896 1377 963 esset,

263 1000 301 1056 et
319 1001 467 1058 caetera
487 986 654 1058 membra
673 986 753 1058 eius
775 1011 956 1058 conversa
976 986 1012 1059 in
1032 987 1322 1060 teneritudinem
1342 1002 1381 1059 et
1411 1020 1428 1084 5

265 1090 492 1164 habilitatem
513 1091 747 1165 innocentiae
766 1093 967 1190 puerili[s].

349 1221 433 1291 113.
463 1198 549 1272 Non
579 1216 666 1272 sunt
693 1199 872 1272 contracti
902 1202 1004 1273 nervi
1033 1198 1123 1276 eius.
1155 1216 1195 1272 ut
1219 1216 1380 1272 mortuo-

263 1329 344 1377 rum
373 1303 504 1389 solent,
537 1330 610 1378 non
639 1305 812 1379 indurata
848 1307 953 1389 cutis,
993 1333 1068 1380 non
1097 1305 1219 1405 rigida
1247 1307 1381 1381 effecta

264 1428 350 1484 sunt
378 1413 555 1496 membra,
587 1413 654 1485 sed
682 1412 754 1485 huc
782 1430 896 1510 atque
925 1415 1009 1487 illuc
1037 1414 1221 1487 vertentia
1248 1439 1299 1498 se,
1321 1438 1381 1486 ve-

263 1517 328 1590 luti
357 1519 603 1614 ponebantur.
671 1519 843 1616 Cumque
867 1537 944 1593 tam
981 1521 1072 1594 mira
1105 1519 1381 1617 pulchritudine
1416 1553 1455 1600 10

264 1625 406 1697 cunctis
435 1627 671 1698 cernentibus
699 1626 965 1722 resplenderet,
997 1642 1035 1700 et
1054 1652 1141 1700 caro
1158 1628 1238 1699 eius
1257 1627 1381 1700 candi·

264 1729 345 1804 dior
373 1747 472 1804 esset
509 1734 650 1816 effecta,
690 1758 843 1806 cernere
881 1732 1047 1807 mirabile
1076 1752 1156 1808 erat
1186 1733 1220 1806 in
1256 1733 1380 1807 medio

265 1863 441 1911 manuum
460 1855 498 1912 et
516 1841 654 1936 pedum
676 1838 791 1937 ipsius
812 1866 885 1913 non
905 1842 1093 1934 clavorum
1113 1840 1264 1937 quidem
1285 1866 1381 1937 pun-

264 1961 387 2017 cturas
414 1946 481 2018 sed
510 1947 611 2043 ipsos
640 1945 766 2019 clavos
795 1972 842 2019 ex
879 1948 960 2019 eius
992 1973 1102 2021 carne
1136 1946 1377 2043 compositos,

264 2051 349 2125 lerri
378 2068 523 2126 retenta
558 2053 763 2151 nigredine,
796 2079 839 2127 ac
869 2054 1042 2128 dextrum
1070 2056 1166 2127 latus
1195 2054 1380 2152 sanguine
1415 2090 1455 2155 15

265 2159 501 2232 rubricatum.
559 2160 645 2233 Non
666 2159 894 2233 incutiebant
915 2161 1108 2235 horrorem
1129 2162 1315 2234 mentibus
1330 2160 1381 2232 in-

264 2265 448 2339 tuentium
476 2267 585 2364 signa
613 2267 788 2364 martyrii,
821 2268 887 2340 sed
916 2269 1090 2342 decorem
1121 2269 1275 2340 multum
1296 2293 1381 2339 con·

266 2373 434 2446 serebant
458 2389 496 2447 et
524 2372 694 2472 gratiam,
726 2374 822 2447 sicut
850 2375 886 2447 in
915 2375 1131 2472 pavimento
1159 2375 1245 2448 albo
1285 2372 1380 2472 nigri

263 2479 375 2577 lapilli
404 2481 537 2554 solent.
593 2481 853 2555 Accurrebant
882 2481 1013 2555 iratres
1041 2498 1078 2555 et
1107 2480 1179 2565 filii,
1211 2498 1249 2554 et
1269 2482 1382 2554 colla·-

202 2637 204 2640 -
265 2586 463 2660 erimantes
491 2588 803 2662 deosculabantur
832 2615 963 2661 manus
987 2605 1025 2661 et
1043 2590 1160 2685 pedes
1188 2588 1237 2685 pii
1266 2589 1383 2686 patris
1411 2624 1456 2670 20

263 2719 330 2767 eos
358 2692 659 2791 derelinquentis,
683 2721 829 2769 necnon
849 2711 886 2768 et
900 2696 1074 2769 dextrum
1090 2694 1195 2780 latus,
1219 2695 1254 2768 in
1276 2696 1381 2768 cuius

264 2801 377 2898 plaga
405 2800 499 2873 illius
528 2803 706 2876 memoria
743 2801 900 2875 celebris
936 2804 1128 2900 agebatur,
1161 2801 1223 2899 qui
1257 2826 1380 2874 exeo

146 2965 155 2984 .
264 2907 347 2980 loco
375 2905 596 3006 sanguinem
625 2925 663 2981 et
682 2934 818 3006 aquam
837 2910 976 3006 pariter
1005 2911 1173 2992 lundens
1197 2910 1379 2981 mundum

263 3014 514 3087 reconciliavit
542 3015 652 3088 Patri.
709 3016 917 3106 Maximum
947 3017 1086 3089 donum
1115 3014 1184 3088 sibi
1209 3014 1379 3088 exhiberi

264 3121 441 3194 credebat
467 3120 588 3217 quivis
616 3122 664 3195 de
692 3122 841 3219 populo,
873 3123 904 3196 si
933 3123 1200 3197 admittebatur
1220 3148 1293 3195 non
1322 3147 1381 3195 so·
1412 3157 1452 3222 25

264 3229 340 3300 lum
369 3228 418 3300 ad
445 3228 749 3316 deosculandum,
770 3231 838 3302 sed
857 3228 968 3304 etiam
988 3232 1036 3303 ad
1054 3230 1256 3303 videndum
1277 3255 1383 3302 sacra

264 3335 441 3433 stigmata
469 3336 551 3408 lesu
582 3336 730 3420 Christi,
762 3361 859 3433 quae
887 3353 1038 3409 sanctus
1058 3337 1279 3409 Franciscus
1299 3361 1381 3432 por-

264 3442 367 3515 tabat
396 3441 432 3514 in
461 3467 617 3538 corpore
646 3468 724 3515 suo.
784 3442 879 3538 Quis
898 3444 997 3516 enim
1027 3444 1098 3516 hoc
1126 3443 1258 3516 videns
1279 3441 1381 3515 lletui

263 3565 302 3621 et
332 3574 404 3621 non
435 3549 555 3646 magis
574 3548 714 3647 gaudio
741 3566 842 3623 esset
862 3550 1035 3633 intentus,
1058 3566 1095 3623 et
1115 3549 1145 3622 si
1165 3550 1282 3636 fleret,
1307 3574 1380 3621 non

341 3767 361 3804 ι.
377 3749 433 3814 As,
449 3749 480 3802 H
489 3762 545 3802 erat
618 3765 642 3803 2.
658 3750 764 3820 beatae]
781 3749 815 3812 L,
832 3751 873 3803 Ox
889 3749 987 3802 habere
1063 3767 1084 3818 3.
1101 3750 1187 3819 quasi]
1205 3749 1239 3804 05
1252 3762 1381 3819 tanquam

264 3846 289 3896 4.
302 3829 381 3898 sicut]
398 3828 453 3893 As,
475 3829 504 3894 1,
526 3828 560 3882 Os
576 3829 650 3899 quasi
723 3827 747 3881 6.
763 3831 782 3883 R
797 3829 946 3898 agilitatem
992 3831 1014 3883 B
1028 3830 1121 3900 puerili
1194 3830 1219 3884 8.
1237 3830 1272 3883 Os
1288 3827 1383 3881 affecta

265 3928 290 3978 9.
309 3909 375 3978 huc]
397 3911 432 3963 Os
450 3908 514 3961 illuc
591 3925 629 3963 10.
649 3909 685 3972 H,
703 3908 866 3972 nucum
944 3908 1385 3978 11.Rresp0nderet.-1Seius

265 3991 328 4044 nive
348 3989 424 4044 cand.
501 4005 594 4042 11-12.
614 3991 637 4042 E
654 3989 822 4059 splendidior
898 4005 937 4043 12.
959 3991 993 4044 Os
1013 3989 1108 4042 allecta
1185 4005 1223 4058 ¹3·
1239 3990 1279 4054 H,
1298 3990 1333 4053 L,
1350 3991 1385 4042 tls

264 4071 322 4123 eius
372 4069 402 4122 H
418 4087 467 4123 om.
487 4068 595 4139 quidem
678 4084 771 4138 13-14.
788 4070 939 4137 non-sed]
952 4070 979 4122 'R
998 4069 1078 4122 simul
1164 4084 1255 4137 til-15.
1275 4085 1308 4122 ex
1328 4071 1385 4121 eius

264 4149 494 4218 came-retenta]
518 4149 563 4202 As
586 4150 612 4200 in
637 4150 675 4202 eis
699 4150 839 4219 impositos
863 4167 894 4202 ex
919 4148 980 4202 ferri
1006 4152 1106 4203 recenti
1184 4165 1221 4220 19.
1247 4150 1271 4203 E
1295 4149 1384 4218 capilli

267 4246 308 4297 25.
329 4229 466 4298 credebat]
487 4231 507 4284 R
527 4229 652 4282 cernebat
743 4226 785 4284 26.
812 4230 858 4283 AS
880 4230 1056 4282 osculandum
1078 4243 1103 4282 et
1122 4231 1154 4282 ad
1244 4229 1340 4299 27-28.
1364 4230 1386 4283 Ε

267 4309 375 4378 gerebat
448 4309 489 4363 28.
509 4310 582 4361 enim
602 4310 667 4378 hoc]
690 4310 724 4363 Os
744 4326 806 4362 eum
858 4311 904 4364 AS
916 4310 984 4362 haec
1059 4325 1100 4380 29.
1120 4310 1200 4379 etsi]
1220 4309 1383 4374 AS,1:',1,

269 4389 311 4440 Ox
329 4388 410 4439 etiam
429 4390 452 4441 si
