<?xml version="1.0" encoding="UTF-8"?>
<!DOCTYPE html PUBLIC "-//W3C//DTD XHTML 1.0 Transitional//EN"
    "http://www.w3.org/TR/xhtml1/DTD/xhtml1-transitional.dtd">
<html xmlns="http://www.w3.org/1999/xhtml" xml:lang="en" lang="en">
 <head>
  <title>
</title>
<meta http-equiv="Content-Type" content="text/html;charset=utf-8" />
  <meta name='ocr-system' content='tesseract 3.04.00' />
  <meta name='ocr-capabilities' content='ocr_page ocr_carea ocr_par ocr_line ocrx_word'/>
</head>
<body>
  <div class='ocr_page' id='page_1' title='image "./sfrancisciassis00dogoog_0447.png"; bbox 0 0 3142 4875; ppageno 0'>
   <div class='ocr_carea' id='block_1_1' title="bbox 601 371 1314 443">
    <p class='ocr_par' dir='ltr' id='par_1_1' title="bbox 601 371 1314 443">
     <span class='ocr_line' id='line_1_1' title="bbox 601 371 1314 443; baseline -0.007 -16"><span class='ocrx_word' id='word_1_1' title='bbox 601 380 704 429; x_wconf 71' lang='lat' dir='ltr'><strong>uan‘n</strong></span> <span class='ocrx_word' id='word_1_2' title='bbox 734 378 919 427; x_wconf 70' lang='lat' dir='ltr'><strong>runncmcr</strong></span> <span class='ocrx_word' id='word_1_3' title='bbox 1243 371 1314 443; x_wconf 83' lang='lat'><strong>351</strong></span> 
     </span>
    </p>
   </div>
   <div class='ocr_carea' id='block_1_2' title="bbox 202 486 1268 497">
    <p class='ocr_par' dir='ltr' id='par_1_2' title="bbox 202 486 1268 497">
     <span class='ocr_line' id='line_1_2' title="bbox 202 486 1268 497; baseline -0.007 2"><span class='ocrx_word' id='word_1_4' title='bbox 202 486 736 497; x_wconf 57' lang='lat'>-—--———-&gt;--.-..-..---———.</span> <span class='ocrx_word' id='word_1_5' title='bbox 746 491 763 496; x_wconf 69' lang='lat'><em>—</em></span> <span class='ocrx_word' id='word_1_6' title='bbox 826 490 833 494; x_wconf 90' lang='lat'><em>-</em></span> <span class='ocrx_word' id='word_1_7' title='bbox 845 491 876 496; x_wconf 81' lang='grc'><strong>.--</strong></span> <span class='ocrx_word' id='word_1_8' title='bbox 888 490 900 494; x_wconf 84' lang='grc'>-</span> <span class='ocrx_word' id='word_1_9' title='bbox 908 490 961 494; x_wconf 87' lang='grc'><em>-.--.</em></span> <span class='ocrx_word' id='word_1_10' title='bbox 971 487 1268 494; x_wconf 37' lang='lat'><em>--⁷⁴...—-———-.-----</em></span> 
     </span>
    </p>
   </div>
   <div class='ocr_carea' id='block_1_3' title="bbox 127 609 1325 3486">
    <p class='ocr_par' dir='ltr' id='par_1_3' title="bbox 127 609 1325 3486">
     <span class='ocr_line' id='line_1_3' title="bbox 201 609 1322 708; baseline 0 -26"><span class='ocrx_word' id='word_1_11' title='bbox 201 609 294 692; x_wconf 90' lang='lat' dir='ltr'><strong>simi,</strong></span> <span class='ocrx_word' id='word_1_12' title='bbox 307 611 498 707; x_wconf 88' lang='lat' dir='ltr'><strong>prosilivit.</strong></span> <span class='ocrx_word' id='word_1_13' title='bbox 556 611 687 686; x_wconf 86' lang='lat' dir='ltr'>Erexit</span> <span class='ocrx_word' id='word_1_14' title='bbox 715 638 756 684; x_wconf 90' lang='lat' dir='ltr'><strong>se</strong></span> <span class='ocrx_word' id='word_1_15' title='bbox 784 613 898 684; x_wconf 94' lang='lat' dir='ltr'><strong>homo</strong></span> <span class='ocrx_word' id='word_1_16' title='bbox 918 627 956 685; x_wconf 91' lang='lat' dir='ltr'><strong>et</strong></span> <span class='ocrx_word' id='word_1_17' title='bbox 976 612 1143 708; x_wconf 88' lang='lat' dir='ltr'><strong>perfecta</strong></span> <span class='ocrx_word' id='word_1_18' title='bbox 1162 610 1322 683; x_wconf 88' lang='lat' dir='ltr'><strong>sanitate</strong></span> 
     </span>
     <span class='ocr_line' id='line_1_4' title="bbox 201 716 1320 817; baseline 0.001 -29"><span class='ocrx_word' id='word_1_19' title='bbox 201 717 406 802; x_wconf 89' lang='lat' dir='ltr'><strong>incolumis,</strong></span> <span class='ocrx_word' id='word_1_20' title='bbox 428 720 533 815; x_wconf 85' lang='lat' dir='ltr'>quasi</span> <span class='ocrx_word' id='word_1_21' title='bbox 563 745 584 791; x_wconf 92' lang='lat' dir='ltr'><strong>a</strong></span> <span class='ocrx_word' id='word_1_22' title='bbox 613 744 746 792; x_wconf 93' lang='lat' dir='ltr'><strong>somno</strong></span> <span class='ocrx_word' id='word_1_23' title='bbox 763 735 946 817; x_wconf 81' lang='lat' dir='ltr'>surgeret,</span> <span class='ocrx_word' id='word_1_24' title='bbox 966 718 1147 791; x_wconf 91' lang='lat' dir='ltr'><strong>mirabilia</strong></span> <span class='ocrx_word' id='word_1_25' title='bbox 1166 716 1320 789; x_wconf 86' lang='lat' dir='ltr'>Domini</span> 
     </span>
     <span class='ocr_line' id='line_1_5' title="bbox 202 842 399 898; baseline 0.005 -1"><span class='ocrx_word' id='word_1_26' title='bbox 202 842 399 898; x_wconf 87' lang='lat' dir='ltr'><strong>enarravrt.</strong></span> 
     </span>
     <span class='ocr_line' id='line_1_6' title="bbox 287 930 1322 1028; baseline 0 -25"><span class='ocrx_word' id='word_1_27' title='bbox 287 956 342 1024; x_wconf 86' lang='lat'><strong>13.</strong></span> <span class='ocrx_word' id='word_1_28' title='bbox 373 931 519 1005; x_wconf 89' lang='lat' dir='ltr'><strong>Tantus</strong></span> <span class='ocrx_word' id='word_1_29' title='bbox 540 958 702 1028; x_wconf 89' lang='lat' dir='ltr'><strong>namque</strong></span> <span class='ocrx_word' id='word_1_30' title='bbox 722 947 852 1028; x_wconf 91' lang='lat' dir='ltr'>stupor</span> <span class='ocrx_word' id='word_1_31' title='bbox 871 931 985 1004; x_wconf 92' lang='lat' dir='ltr'><strong>corda</strong></span> <span class='ocrx_word' id='word_1_32' title='bbox 1005 930 1169 1004; x_wconf 90' lang='lat' dir='ltr'><strong>omnium</strong></span> <span class='ocrx_word' id='word_1_33' title='bbox 1191 956 1322 1028; x_wconf 88' lang='lat' dir='ltr'><strong>appre-</strong></span> 
     </span>
     <span class='ocr_line' id='line_1_7' title="bbox 154 1037 1323 1135; baseline -0.001 -26"><span class='ocrx_word' id='word_1_34' title='bbox 154 1059 168 1124; x_wconf 85' lang='lat'>5</span> <span class='ocrx_word' id='word_1_35' title='bbox 201 1038 340 1122; x_wconf 88' lang='lat' dir='ltr'><strong>lrendit,</strong></span> <span class='ocrx_word' id='word_1_36' title='bbox 359 1055 398 1111; x_wconf 93' lang='lat' dir='ltr'><strong>ut</strong></span> <span class='ocrx_word' id='word_1_37' title='bbox 413 1037 518 1135; x_wconf 91' lang='lat' dir='ltr'><strong>quasi</strong></span> <span class='ocrx_word' id='word_1_38' title='bbox 534 1039 614 1111; x_wconf 93' lang='lat' dir='ltr'><strong>sine</strong></span> <span class='ocrx_word' id='word_1_39' title='bbox 633 1055 757 1111; x_wconf 90' lang='lat' dir='ltr'><strong>mente</strong></span> <span class='ocrx_word' id='word_1_40' title='bbox 777 1064 910 1111; x_wconf 90' lang='lat' dir='ltr'><strong>omnes</strong></span> <span class='ocrx_word' id='word_1_41' title='bbox 925 1038 1057 1123; x_wconf 81' lang='lat' dir='ltr'><strong>effecti,</strong></span> <span class='ocrx_word' id='word_1_42' title='bbox 1070 1064 1167 1133; x_wconf 91' lang='lat' dir='ltr'><strong>quae</strong></span> <span class='ocrx_word' id='word_1_43' title='bbox 1182 1037 1323 1111; x_wconf 89' lang='lat' dir='ltr'><strong>fiebant</strong></span> 
     </span>
     <span class='ocr_line' id='line_1_8' title="bbox 200 1144 1322 1241; baseline 0.001 -25"><span class='ocrx_word' id='word_1_44' title='bbox 200 1145 435 1241; x_wconf 89' lang='lat' dir='ltr'><strong>phantastico</strong></span> <span class='ocrx_word' id='word_1_45' title='bbox 464 1145 544 1219; x_wconf 89' lang='lat' dir='ltr'><strong>visu</strong></span> <span class='ocrx_word' id='word_1_46' title='bbox 575 1148 771 1218; x_wconf 80' lang='lat' dir='ltr'><strong>crederent</strong></span> <span class='ocrx_word' id='word_1_47' title='bbox 799 1171 839 1218; x_wconf 88' lang='lat' dir='ltr'><strong>se</strong></span> <span class='ocrx_word' id='word_1_48' title='bbox 867 1146 1007 1218; x_wconf 90' lang='lat' dir='ltr'><strong>videre.</strong></span> <span class='ocrx_word' id='word_1_49' title='bbox 1065 1145 1128 1217; x_wconf 90' lang='lat' dir='ltr'><strong>Ad</strong></span> <span class='ocrx_word' id='word_1_50' title='bbox 1148 1146 1241 1217; x_wconf 89' lang='lat' dir='ltr'><strong>haec</strong></span> <span class='ocrx_word' id='word_1_51' title='bbox 1262 1144 1322 1217; x_wconf 91' lang='lat' dir='ltr'><strong>ille</strong></span> 
     </span>
     <span class='ocr_line' id='line_1_9' title="bbox 199 1250 1322 1348; baseline 0 -25"><span class='ocrx_word' id='word_1_52' title='bbox 199 1253 261 1348; x_wconf 93' lang='lat' dir='ltr'><strong>qui</strong></span> <span class='ocrx_word' id='word_1_53' title='bbox 292 1252 410 1324; x_wconf 89' lang='lat' dir='ltr'><strong>factus</strong></span> <span class='ocrx_word' id='word_1_54' title='bbox 439 1253 558 1342; x_wconf 89' lang='lat' dir='ltr'><strong>fuerat</strong></span> <span class='ocrx_word' id='word_1_55' title='bbox 586 1278 715 1325; x_wconf 90' lang='lat' dir='ltr'><strong>sanus:</strong></span> <span class='ocrx_word' id='word_1_56' title='bbox 746 1250 873 1325; x_wconf 82' lang='lat' dir='ltr'><strong>Nolite</strong></span> <span class='ocrx_word' id='word_1_57' title='bbox 893 1253 1033 1333; x_wconf 90' lang='lat' dir='ltr'><strong>timere,</strong></span> <span class='ocrx_word' id='word_1_58' title='bbox 1058 1251 1185 1348; x_wconf 92' lang='lat' dir='ltr'><strong>inquit,</strong></span> <span class='ocrx_word' id='word_1_59' title='bbox 1209 1250 1322 1323; x_wconf 90' lang='lat' dir='ltr'><strong>nolite</strong></span> 
     </span>
     <span class='ocr_line' id='line_1_10' title="bbox 201 1358 1323 1455; baseline 0.001 -26"><span class='ocrx_word' id='word_1_60' title='bbox 201 1359 355 1431; x_wconf 88' lang='lat' dir='ltr'><strong>credere</strong></span> <span class='ocrx_word' id='word_1_61' title='bbox 384 1360 495 1432; x_wconf 89' lang='lat' dir='ltr'><strong>inane</strong></span> <span class='ocrx_word' id='word_1_62' title='bbox 524 1360 602 1432; x_wconf 90' lang='lat' dir='ltr'><strong>fore</strong></span> <span class='ocrx_word' id='word_1_63' title='bbox 631 1360 732 1455; x_wconf 91' lang='lat' dir='ltr'><strong>quod</strong></span> <span class='ocrx_word' id='word_1_64' title='bbox 770 1358 930 1444; x_wconf 85' lang='lat' dir='ltr'><strong>cernitis,</strong></span> <span class='ocrx_word' id='word_1_65' title='bbox 962 1359 1139 1455; x_wconf 92' lang='lat' dir='ltr'><strong>quoniam</strong></span> <span class='ocrx_word' id='word_1_66' title='bbox 1171 1375 1323 1431; x_wconf 90' lang='lat' dir='ltr'><strong>sanctus</strong></span> 
     </span>
     <span class='ocr_line' id='line_1_11' title="bbox 200 1464 1322 1562; baseline -0.001 -25"><span class='ocrx_word' id='word_1_67' title='bbox 200 1464 432 1547; x_wconf 87' lang='lat' dir='ltr'><strong>Franciscus,</strong></span> <span class='ocrx_word' id='word_1_68' title='bbox 466 1466 524 1538; x_wconf 91' lang='lat' dir='ltr'><strong>cui</strong></span> <span class='ocrx_word' id='word_1_69' title='bbox 553 1492 703 1562; x_wconf 83' lang='lat' dir='ltr'><strong>semper</strong></span> <span class='ocrx_word' id='word_1_70' title='bbox 740 1467 900 1539; x_wconf 90' lang='lat' dir='ltr'><strong>devotus</strong></span> <span class='ocrx_word' id='word_1_71' title='bbox 937 1464 998 1549; x_wconf 89' lang='lat' dir='ltr'><strong>fui,</strong></span> <span class='ocrx_word' id='word_1_72' title='bbox 1030 1467 1144 1538; x_wconf 91' lang='lat' dir='ltr'><strong>modo</strong></span> <span class='ocrx_word' id='word_1_73' title='bbox 1180 1492 1202 1538; x_wconf 89' lang='lat' dir='ltr'><strong>a</strong></span> <span class='ocrx_word' id='word_1_74' title='bbox 1239 1464 1322 1538; x_wconf 90' lang='lat' dir='ltr'><strong>loco</strong></span> 
     </span>
     <span class='ocr_line' id='line_1_12' title="bbox 133 1571 1322 1670; baseline 0.004 -33"><span class='ocrx_word' id='word_1_75' title='bbox 133 1593 170 1638; x_wconf 93' lang='lat'><strong>10</strong></span> <span class='ocrx_word' id='word_1_76' title='bbox 200 1573 364 1654; x_wconf 85' lang='lat' dir='ltr'><strong>recessit,</strong></span> <span class='ocrx_word' id='word_1_77' title='bbox 387 1589 425 1646; x_wconf 92' lang='lat' dir='ltr'><strong>et</strong></span> <span class='ocrx_word' id='word_1_78' title='bbox 453 1599 513 1645; x_wconf 91' lang='lat' dir='ltr'><strong>me</strong></span> <span class='ocrx_word' id='word_1_79' title='bbox 535 1573 682 1669; x_wconf 84' lang='lat' dir='ltr'><strong>integre</strong></span> <span class='ocrx_word' id='word_1_80' title='bbox 700 1575 748 1645; x_wconf 91' lang='lat' dir='ltr'><strong>ab</strong></span> <span class='ocrx_word' id='word_1_81' title='bbox 769 1571 869 1644; x_wconf 91' lang='lat' dir='ltr'><strong>omni</strong></span> <span class='ocrx_word' id='word_1_82' title='bbox 886 1574 998 1668; x_wconf 87' lang='lat' dir='ltr'>plaga</span> <span class='ocrx_word' id='word_1_83' title='bbox 1014 1573 1166 1644; x_wconf 88' lang='lat' dir='ltr'><strong>curavit.</strong></span> <span class='ocrx_word' id='word_1_84' title='bbox 1224 1572 1322 1670; x_wconf 88' lang='lat' dir='ltr'><strong>Stig-</strong></span> 
     </span>
     <span class='ocr_line' id='line_1_13' title="bbox 200 1677 1323 1776; baseline -0.003 -25"><span class='ocrx_word' id='word_1_85' title='bbox 200 1695 302 1752; x_wconf 86' lang='lat' dir='ltr'><strong>mata</strong></span> <span class='ocrx_word' id='word_1_86' title='bbox 321 1679 381 1752; x_wconf 93' lang='lat' dir='ltr'><strong>illa</strong></span> <span class='ocrx_word' id='word_1_87' title='bbox 401 1705 469 1752; x_wconf 91' lang='lat' dir='ltr'><strong>sua</strong></span> <span class='ocrx_word' id='word_1_88' title='bbox 489 1678 738 1753; x_wconf 89' lang='lat' dir='ltr'><strong>sacratissima</strong></span> <span class='ocrx_word' id='word_1_89' title='bbox 763 1679 857 1751; x_wconf 92' lang='lat' dir='ltr'><strong>meis</strong></span> <span class='ocrx_word' id='word_1_90' title='bbox 875 1678 997 1775; x_wconf 85' lang='lat' dir='ltr'><strong>plagis</strong></span> <span class='ocrx_word' id='word_1_91' title='bbox 1018 1677 1174 1776; x_wconf 84' lang='lat' dir='ltr'><strong>singulis</strong></span> <span class='ocrx_word' id='word_1_92' title='bbox 1193 1704 1323 1774; x_wconf 91' lang='lat' dir='ltr'><strong>super-</strong></span> 
     </span>
     <span class='ocr_line' id='line_1_14' title="bbox 200 1785 1319 1881; baseline -0.001 -25"><span class='ocrx_word' id='word_1_93' title='bbox 200 1786 335 1881; x_wconf 88' lang='lat' dir='ltr'><strong>posuit,</strong></span> <span class='ocrx_word' id='word_1_94' title='bbox 367 1786 511 1859; x_wconf 93' lang='lat' dir='ltr'><strong>illorum</strong></span> <span class='ocrx_word' id='word_1_95' title='bbox 550 1787 734 1859; x_wconf 89' lang='lat' dir='ltr'><strong>suavitate</strong></span> <span class='ocrx_word' id='word_1_96' title='bbox 771 1802 906 1858; x_wconf 87' lang='lat' dir='ltr'><strong>cuncta</strong></span> <span class='ocrx_word' id='word_1_97' title='bbox 944 1786 1097 1858; x_wconf 90' lang='lat' dir='ltr'><strong>vulnera</strong></span> <span class='ocrx_word' id='word_1_98' title='bbox 1133 1785 1319 1869; x_wconf 88' lang='lat' dir='ltr'><strong>delinivit;</strong></span> 
     </span>
     <span class='ocr_line' id='line_1_15' title="bbox 200 1891 1322 1976; baseline 0 -12"><span class='ocrx_word' id='word_1_99' title='bbox 200 1891 345 1964; x_wconf 91' lang='lat' dir='ltr'><strong>illorum</strong></span> <span class='ocrx_word' id='word_1_100' title='bbox 375 1910 559 1976; x_wconf 90' lang='lat' dir='ltr'><strong>contactu,</strong></span> <span class='ocrx_word' id='word_1_101' title='bbox 591 1911 631 1965; x_wconf 92' lang='lat' dir='ltr'><strong>ut</strong></span> <span class='ocrx_word' id='word_1_102' title='bbox 659 1893 818 1976; x_wconf 85' lang='lat' dir='ltr'><strong>cernitis,</strong></span> <span class='ocrx_word' id='word_1_103' title='bbox 852 1892 1040 1964; x_wconf 87' lang='lat' dir='ltr'><strong>confracta</strong></span> <span class='ocrx_word' id='word_1_104' title='bbox 1072 1892 1198 1964; x_wconf 91' lang='lat' dir='ltr'><strong>omnia</strong></span> <span class='ocrx_word' id='word_1_105' title='bbox 1228 1891 1322 1964; x_wconf 92' lang='lat' dir='ltr'><strong>miri-</strong></span> 
     </span>
     <span class='ocr_line' id='line_1_16' title="bbox 201 1997 1323 2094; baseline 0 -23"><span class='ocrx_word' id='word_1_106' title='bbox 201 1998 271 2072; x_wconf 84' lang='lat' dir='ltr'><strong>tice</strong></span> <span class='ocrx_word' id='word_1_107' title='bbox 300 1999 481 2073; x_wconf 84' lang='lat' dir='ltr'><strong>solidavit.</strong></span> <span class='ocrx_word' id='word_1_108' title='bbox 540 2001 642 2073; x_wconf 87' lang='lat' dir='ltr'><strong>Dum</strong></span> <span class='ocrx_word' id='word_1_109' title='bbox 671 2001 769 2072; x_wconf 85' lang='lat' dir='ltr'><strong>enirn</strong></span> <span class='ocrx_word' id='word_1_110' title='bbox 792 1998 1057 2071; x_wconf 89' lang='lat' dir='ltr'><strong>murmurantis</strong></span> <span class='ocrx_word' id='word_1_111' title='bbox 1076 1997 1238 2094; x_wconf 90' lang='lat' dir='ltr'><strong>pectoris</strong></span> <span class='ocrx_word' id='word_1_112' title='bbox 1262 2024 1323 2071; x_wconf 91' lang='lat' dir='ltr'><strong>au-</strong></span> 
     </span>
     <span class='ocr_line' id='line_1_17' title="bbox 132 2103 1323 2203; baseline 0.004 -30"><span class='ocrx_word' id='word_1_113' title='bbox 132 2127 170 2193; x_wconf 84' lang='lat'><strong>15</strong></span> <span class='ocrx_word' id='word_1_114' title='bbox 200 2106 360 2179; x_wconf 91' lang='lat' dir='ltr'><strong>diebatis</strong></span> <span class='ocrx_word' id='word_1_115' title='bbox 389 2106 578 2203; x_wconf 88' lang='lat' dir='ltr'><strong>impulsus,</strong></span> <span class='ocrx_word' id='word_1_116' title='bbox 597 2124 685 2179; x_wconf 93' lang='lat' dir='ltr'><strong>tunc</strong></span> <span class='ocrx_word' id='word_1_117' title='bbox 707 2104 865 2179; x_wconf 88' lang='lat' dir='ltr'><strong>caeteris</strong></span> <span class='ocrx_word' id='word_1_118' title='bbox 880 2103 1001 2203; x_wconf 82' lang='lat' dir='ltr'><strong>plagis</strong></span> <span class='ocrx_word' id='word_1_119' title='bbox 1021 2131 1106 2176; x_wconf 91' lang='lat' dir='ltr'><strong>cum</strong></span> <span class='ocrx_word' id='word_1_120' title='bbox 1126 2105 1227 2175; x_wconf 92' lang='lat' dir='ltr'><strong>omni</strong></span> <span class='ocrx_word' id='word_1_121' title='bbox 1243 2129 1323 2178; x_wconf 91' lang='lat' dir='ltr'><strong>sua-</strong></span> 
     </span>
     <span class='ocr_line' id='line_1_18' title="bbox 200 2210 1323 2309; baseline 0 -26"><span class='ocrx_word' id='word_1_122' title='bbox 200 2211 313 2285; x_wconf 90' lang='lat' dir='ltr'><strong>vitate</strong></span> <span class='ocrx_word' id='word_1_123' title='bbox 343 2212 492 2298; x_wconf 89' lang='lat' dir='ltr'><strong>sanatis,</strong></span> <span class='ocrx_word' id='word_1_124' title='bbox 524 2212 722 2286; x_wconf 85' lang='lat' dir='ltr'><strong>videbatur</strong></span> <span class='ocrx_word' id='word_1_125' title='bbox 750 2229 858 2309; x_wconf 90' lang='lat' dir='ltr'><strong>pater</strong></span> <span class='ocrx_word' id='word_1_126' title='bbox 885 2210 1141 2284; x_wconf 90' lang='lat' dir='ltr'><strong>sanctissimus</strong></span> <span class='ocrx_word' id='word_1_127' title='bbox 1169 2210 1323 2283; x_wconf 93' lang='lat' dir='ltr'><strong>dimisso</strong></span> 
     </span>
     <span class='ocr_line' id='line_1_19' title="bbox 202 2316 1322 2418; baseline -0.002 -28"><span class='ocrx_word' id='word_1_128' title='bbox 202 2320 237 2391; x_wconf 93' lang='lat' dir='ltr'><strong>in</strong></span> <span class='ocrx_word' id='word_1_129' title='bbox 266 2336 419 2417; x_wconf 84' lang='lat' dir='ltr'><strong>gutture</strong></span> <span class='ocrx_word' id='word_1_130' title='bbox 448 2320 575 2418; x_wconf 84' lang='lat' dir='ltr'><strong>gladio</strong></span> <span class='ocrx_word' id='word_1_131' title='bbox 603 2319 699 2392; x_wconf 90' lang='lat' dir='ltr'><strong>velle</strong></span> <span class='ocrx_word' id='word_1_132' title='bbox 721 2316 927 2392; x_wconf 87' lang='lat' dir='ltr'><strong>discedere.</strong></span> <span class='ocrx_word' id='word_1_133' title='bbox 986 2317 1055 2390; x_wconf 86' lang='lat' dir='ltr'><strong>Cui</strong></span> <span class='ocrx_word' id='word_1_134' title='bbox 1078 2343 1188 2390; x_wconf 89' lang='lat' dir='ltr'><strong>manu</strong></span> <span class='ocrx_word' id='word_1_135' title='bbox 1211 2317 1322 2390; x_wconf 89' lang='lat' dir='ltr'><strong>debili</strong></span> 
     </span>
     <span class='ocr_line' id='line_1_20' title="bbox 202 2423 1324 2523; baseline -0.001 -25"><span class='ocrx_word' id='word_1_136' title='bbox 202 2426 412 2511; x_wconf 71' lang='lat' dir='ltr'><strong>innuebant,</strong></span> <span class='ocrx_word' id='word_1_137' title='bbox 445 2427 533 2522; x_wconf 92' lang='lat' dir='ltr'><strong>quia</strong></span> <span class='ocrx_word' id='word_1_138' title='bbox 563 2454 635 2500; x_wconf 90' lang='lat' dir='ltr'><strong>non</strong></span> <span class='ocrx_word' id='word_1_139' title='bbox 665 2427 836 2500; x_wconf 91' lang='lat' dir='ltr'><strong>valebam</strong></span> <span class='ocrx_word' id='word_1_140' title='bbox 866 2425 977 2523; x_wconf 91' lang='lat' dir='ltr'><strong>loqui,</strong></span> <span class='ocrx_word' id='word_1_141' title='bbox 1009 2442 1047 2498; x_wconf 92' lang='lat' dir='ltr'><strong>ut</strong></span> <span class='ocrx_word' id='word_1_142' title='bbox 1076 2423 1241 2522; x_wconf 83' lang='lat' dir='ltr'><strong>gladium</strong></span> <span class='ocrx_word' id='word_1_143' title='bbox 1262 2451 1324 2497; x_wconf 89' lang='lat' dir='ltr'><strong>ex-</strong></span> 
     </span>
     <span class='ocr_line' id='line_1_21' title="bbox 201 2531 1321 2631; baseline -0.001 -25"><span class='ocrx_word' id='word_1_144' title='bbox 201 2535 388 2617; x_wconf 82' lang='lat' dir='ltr'><strong>traheret,</strong></span> <span class='ocrx_word' id='word_1_145' title='bbox 420 2534 548 2607; x_wconf 91' lang='lat' dir='ltr'><strong>mortis</strong></span> <span class='ocrx_word' id='word_1_146' title='bbox 596 2535 824 2608; x_wconf 89' lang='lat' dir='ltr'><strong>imminentis</strong></span> <span class='ocrx_word' id='word_1_147' title='bbox 869 2531 1057 2631; x_wconf 86' lang='lat' dir='ltr'><strong>singulare</strong></span> <span class='ocrx_word' id='word_1_148' title='bbox 1104 2531 1321 2629; x_wconf 89' lang='lat' dir='ltr'><strong>periculum.</strong></span> 
     </span>
     <span class='ocr_line' id='line_1_22' title="bbox 127 2637 1324 2738; baseline 0.003 -30"><span class='ocrx_word' id='word_1_149' title='bbox 127 2660 172 2708; x_wconf 89' lang='lat'><strong>20</strong></span> <span class='ocrx_word' id='word_1_150' title='bbox 203 2641 326 2734; x_wconf 87' lang='lat' dir='ltr'><strong>Quem</strong></span> <span class='ocrx_word' id='word_1_151' title='bbox 356 2642 480 2714; x_wconf 90' lang='lat' dir='ltr'><strong>statim</strong></span> <span class='ocrx_word' id='word_1_152' title='bbox 518 2643 818 2738; x_wconf 88' lang='lat' dir='ltr'><strong>apprehendens,</strong></span> <span class='ocrx_word' id='word_1_153' title='bbox 851 2656 890 2713; x_wconf 90' lang='lat' dir='ltr'><strong>ut</strong></span> <span class='ocrx_word' id='word_1_154' title='bbox 919 2664 1050 2711; x_wconf 91' lang='lat' dir='ltr'><strong>omnes</strong></span> <span class='ocrx_word' id='word_1_155' title='bbox 1078 2637 1232 2722; x_wconf 91' lang='lat' dir='ltr'><strong>vidistis,</strong></span> <span class='ocrx_word' id='word_1_156' title='bbox 1263 2666 1324 2712; x_wconf 90' lang='lat' dir='ltr'><strong>va-</strong></span> 
     </span>
     <span class='ocr_line' id='line_1_23' title="bbox 201 2744 1324 2845; baseline 0.001 -26"><span class='ocrx_word' id='word_1_157' title='bbox 201 2747 276 2820; x_wconf 90' lang='lat' dir='ltr'><strong>lida</strong></span> <span class='ocrx_word' id='word_1_158' title='bbox 318 2774 427 2820; x_wconf 87' lang='lat' dir='ltr'><strong>manu</strong></span> <span class='ocrx_word' id='word_1_159' title='bbox 475 2748 641 2845; x_wconf 90' lang='lat' dir='ltr'><strong>proiecit.</strong></span> <span class='ocrx_word' id='word_1_160' title='bbox 700 2748 838 2844; x_wconf 87' lang='lat' dir='ltr'><strong>Sicque</strong></span> <span class='ocrx_word' id='word_1_161' title='bbox 872 2763 911 2819; x_wconf 93' lang='lat' dir='ltr'><strong>ut</strong></span> <span class='ocrx_word' id='word_1_162' title='bbox 943 2744 1045 2843; x_wconf 90' lang='lat' dir='ltr'><strong>prius</strong></span> <span class='ocrx_word' id='word_1_163' title='bbox 1086 2744 1324 2843; x_wconf 84' lang='lat' dir='ltr'><strong>stigmatibus</strong></span> 
     </span>
     <span class='ocr_line' id='line_1_24' title="bbox 201 2852 1325 2953; baseline -0.001 -27"><span class='ocrx_word' id='word_1_164' title='bbox 201 2854 315 2927; x_wconf 89' lang='lat' dir='ltr'><strong>sacris</strong></span> <span class='ocrx_word' id='word_1_165' title='bbox 344 2854 577 2928; x_wconf 88' lang='lat' dir='ltr'><strong>vulneratum</strong></span> <span class='ocrx_word' id='word_1_166' title='bbox 615 2872 746 2953; x_wconf 84' lang='lat' dir='ltr'><strong>guttur</strong></span> <span class='ocrx_word' id='word_1_167' title='bbox 782 2853 998 2927; x_wconf 87' lang='lat' dir='ltr'><strong>demulcens</strong></span> <span class='ocrx_word' id='word_1_168' title='bbox 1034 2871 1072 2926; x_wconf 90' lang='lat' dir='ltr'><strong>et</strong></span> <span class='ocrx_word' id='word_1_169' title='bbox 1100 2852 1241 2935; x_wconf 90' lang='lat' dir='ltr'><strong>liniens,</strong></span> <span class='ocrx_word' id='word_1_170' title='bbox 1274 2853 1325 2926; x_wconf 89' lang='lat' dir='ltr'><strong>ita</strong></span> 
     </span>
     <span class='ocr_line' id='line_1_25' title="bbox 202 2961 1325 3059; baseline -0.002 -25"><span class='ocrx_word' id='word_1_171' title='bbox 202 2962 366 3059; x_wconf 84' lang='lat' dir='ltr'><strong>perfecte</strong></span> <span class='ocrx_word' id='word_1_172' title='bbox 395 2961 549 3046; x_wconf 88' lang='lat' dir='ltr'><strong>sanavit,</strong></span> <span class='ocrx_word' id='word_1_173' title='bbox 583 2977 623 3034; x_wconf 92' lang='lat' dir='ltr'><strong>ut</strong></span> <span class='ocrx_word' id='word_1_174' title='bbox 650 2963 783 3035; x_wconf 88' lang='lat' dir='ltr'><strong>eadem</strong></span> <span class='ocrx_word' id='word_1_175' title='bbox 813 2976 993 3058; x_wconf 88' lang='lat' dir='ltr'><strong>appareat</strong></span> <span class='ocrx_word' id='word_1_176' title='bbox 1028 2984 1115 3032; x_wconf 91' lang='lat' dir='ltr'><strong>caro</strong></span> <span class='ocrx_word' id='word_1_177' title='bbox 1153 2975 1191 3032; x_wconf 93' lang='lat' dir='ltr'><strong>et</strong></span> <span class='ocrx_word' id='word_1_178' title='bbox 1227 2985 1325 3056; x_wconf 88' lang='lat' dir='ltr'><strong>quae</strong></span> 
     </span>
     <span class='ocr_line' id='line_1_26' title="bbox 203 3065 1325 3165; baseline 0 -26"><span class='ocrx_word' id='word_1_179' title='bbox 203 3068 270 3140; x_wconf 90' lang='lat' dir='ltr'><strong>fuit</strong></span> <span class='ocrx_word' id='word_1_180' title='bbox 297 3068 414 3141; x_wconf 90' lang='lat' dir='ltr'><strong>incisa</strong></span> <span class='ocrx_word' id='word_1_181' title='bbox 443 3084 480 3141; x_wconf 90' lang='lat' dir='ltr'><strong>et</strong></span> <span class='ocrx_word' id='word_1_182' title='bbox 517 3094 613 3164; x_wconf 89' lang='lat' dir='ltr'><strong>quae</strong></span> <span class='ocrx_word' id='word_1_183' title='bbox 651 3094 802 3165; x_wconf 89' lang='lat' dir='ltr'><strong>semper</strong></span> <span class='ocrx_word' id='word_1_184' title='bbox 844 3065 981 3140; x_wconf 89' lang='lat' dir='ltr'><strong>mansit</strong></span> <span class='ocrx_word' id='word_1_185' title='bbox 1021 3066 1170 3139; x_wconf 87' lang='lat' dir='ltr'><strong>intacta.</strong></span> <span class='ocrx_word' id='word_1_186' title='bbox 1230 3067 1325 3160; x_wconf 86' lang='lat' dir='ltr'><strong>Quis</strong></span> 
     </span>
     <span class='ocr_line' id='line_1_27' title="bbox 128 3172 1325 3271; baseline 0.002 -29"><span class='ocrx_word' id='word_1_187' title='bbox 128 3194 170 3260; x_wconf 87' lang='lat'><strong>25</strong></span> <span class='ocrx_word' id='word_1_188' title='bbox 202 3174 316 3271; x_wconf 83' lang='lat' dir='ltr'><strong>igitur</strong></span> <span class='ocrx_word' id='word_1_189' title='bbox 343 3177 391 3247; x_wconf 89' lang='lat' dir='ltr'><strong>ad</strong></span> <span class='ocrx_word' id='word_1_190' title='bbox 419 3174 489 3249; x_wconf 91' lang='lat' dir='ltr'><strong>ista</strong></span> <span class='ocrx_word' id='word_1_191' title='bbox 506 3200 578 3247; x_wconf 95' lang='lat' dir='ltr'><strong>non</strong></span> <span class='ocrx_word' id='word_1_192' title='bbox 595 3192 754 3271; x_wconf 88' lang='lat' dir='ltr'><strong>stupeat,</strong></span> <span class='ocrx_word' id='word_1_193' title='bbox 777 3175 860 3271; x_wconf 91' lang='lat' dir='ltr'><strong>quis</strong></span> <span class='ocrx_word' id='word_1_194' title='bbox 881 3173 981 3270; x_wconf 93' lang='lat' dir='ltr'><strong>quod</strong></span> <span class='ocrx_word' id='word_1_195' title='bbox 1010 3174 1058 3245; x_wconf 92' lang='lat' dir='ltr'><strong>de</strong></span> <span class='ocrx_word' id='word_1_196' title='bbox 1086 3172 1325 3270; x_wconf 87' lang='lat' dir='ltr'><strong>stigmatibus</strong></span> 
     </span>
     <span class='ocr_line' id='line_1_28' title="bbox 202 3279 1325 3379; baseline -0.003 -25"><span class='ocrx_word' id='word_1_197' title='bbox 202 3282 439 3379; x_wconf 90' lang='lat' dir='ltr'><strong>praedicatur</strong></span> <span class='ocrx_word' id='word_1_198' title='bbox 474 3282 573 3355; x_wconf 93' lang='lat' dir='ltr'><strong>aliud</strong></span> <span class='ocrx_word' id='word_1_199' title='bbox 611 3307 722 3377; x_wconf 92' lang='lat' dir='ltr'><strong>quarn</strong></span> <span class='ocrx_word' id='word_1_200' title='bbox 752 3298 871 3354; x_wconf 91' lang='lat' dir='ltr'><strong>totum</strong></span> <span class='ocrx_word' id='word_1_201' title='bbox 903 3279 1014 3353; x_wconf 89' lang='lat' dir='ltr'><strong>fuisse</strong></span> <span class='ocrx_word' id='word_1_202' title='bbox 1044 3281 1210 3351; x_wconf 91' lang='lat' dir='ltr'><strong>divinum</strong></span> <span class='ocrx_word' id='word_1_203' title='bbox 1240 3305 1325 3352; x_wconf 92' lang='lat' dir='ltr'><strong>con-</strong></span> 
     </span>
     <span class='ocr_line' id='line_1_29' title="bbox 204 3387 344 3486; baseline 0 -26"><span class='ocrx_word' id='word_1_204' title='bbox 204 3387 344 3486; x_wconf 86' lang='lat' dir='ltr'><strong>fingat?</strong></span> 
     </span>
    </p>
   </div>
   <div class='ocr_carea' id='block_1_4' title="bbox 275 3649 443 3704">
    <p class='ocr_par' dir='ltr' id='par_1_4' title="bbox 275 3649 443 3704">
     <span class='ocr_line' id='line_1_30' title="bbox 275 3649 443 3704; baseline 0.006 0"><span class='ocrx_word' id='word_1_205' title='bbox 275 3649 299 3704; x_wconf 85' lang='grc'><strong>6.</strong></span> <span class='ocrx_word' id='word_1_206' title='bbox 322 3650 369 3701; x_wconf 79' lang='grc' dir='ltr'><strong>ΑΒ</strong></span> <span class='ocrx_word' id='word_1_207' title='bbox 388 3651 443 3704; x_wconf 88' lang='lat' dir='ltr'><strong>hoc</strong></span> 
     </span>
    </p>
   </div>
   <div class='ocr_carea' id='block_1_5' title="bbox 0 0 1576 4875">
    <p class='ocr_par' dir='ltr' id='par_1_5' title="bbox 0 0 1576 4875">
     <span class='ocr_line' id='line_1_31' title="bbox 0 0 1576 4875; baseline 0 0"><span class='ocrx_word' id='word_1_208' title='bbox 0 0 1576 4875; x_wconf 95' lang='lat' dir='ltr'><strong> </strong></span> 
     </span>
    </p>
   </div>
  </div>
 </body>
</html>
