3142 4875
218 298 277 367 '88
628 320 802 369 euoenon
830 321 941 382 Parnm

226 554 264 626 in
292 551 492 651 praesepio
520 552 716 650 puerulum
747 579 862 625 unum
900 553 1084 626 iacentem
1123 552 1347 632 exanimem,

225 661 274 733 ad
303 686 415 755 quem
443 660 597 733 videbat
617 660 802 733 accedere
819 677 989 734 sanctum
1012 658 1094 744 Dei,
1115 675 1154 732 et
1173 659 1348 732 eumdem

226 766 423 864 puerulum
453 767 558 863 quasi
587 793 609 839 a
638 767 758 839 somni
789 792 925 863 sopore
950 767 1140 839 suscitare.
1198 767 1279 838 Nec
1298 764 1350 838 in-

226 873 454 946 conveniens
472 872 568 946 visio
588 873 668 957 ista,
691 899 807 968 quum
829 899 922 969 puer
950 873 1054 946 lesus
1083 874 1119 945 in
1149 870 1349 944 multorum

226 979 400 1053 cordibus
416 980 591 1062 oblivioni
609 980 718 1052 suerit
738 980 858 1063 datus,
876 980 913 1053 in
934 981 1079 1075 quibus,
1097 979 1212 1075 ipsius
1226 979 1350 1077 gratia
1379 1013 1397 1078 5

225 1087 395 1171 faciente,
419 1113 487 1183 per
508 1112 657 1160 servum
686 1112 794 1159 suum
825 1077 995 1160 sanctum
1025 1085 1266 1159 Franciscum
1295 1111 1350 1157 re·

225 1192 425 1266 suscitatus
445 1209 558 1266 estet
587 1193 791 1289 impressus
820 1194 1024 1266 memoriae
1052 1191 1233 1291 diligenti.
1292 1193 1349 1264 Fi-

226 1300 377 1372 niuntur
404 1300 568 1396 denique
595 1300 782 1372 solemnes
801 1300 994 1382 excubiae,
1026 1314 1064 1372 et
1093 1299 1349 1395 unusquisque

226 1431 311 1478 cum
340 1405 481 1503 gaudio
509 1408 557 1479 ad
585 1406 736 1503 propria
764 1407 956 1480 remeavit.

309 1514 369 1610 87.
391 1514 602 1585 Mz'racula.
661 1513 915 1586 Conservatur
930 1513 1081 1586 foenum
1098 1512 1133 1585 in
1150 1512 1348 1608 praesepio
1383 1545 1423 1592 ro

227 1618 402 1716 positum,
435 1635 474 1691 ut
502 1645 570 1717 per
599 1620 719 1717 ipsum
758 1619 924 1693 iumenta
960 1635 998 1691 et
1034 1616 1209 1693 animalia
1245 1618 1349 1690 salva

227 1726 338 1799 faciat
367 1726 563 1810 Dominus,
595 1726 913 1823 quemadmodum
934 1723 1191 1821 multiplicavit
1210 1724 1349 1797 miseri·

225 1833 393 1906 cordiam
421 1857 528 1906 suam
556 1849 734 1906 sanctam.
793 1833 843 1904 Et
875 1858 1005 1906 revera
1040 1831 1093 1904 sic
1121 1849 1245 1904 actum
1278 1848 1346 1916 est,

227 1953 269 2010 ut
286 1939 461 2013 animalia
476 1939 601 2022 multa,
624 1939 793 2011 diversos
813 1939 965 2011 morbos
984 1937 1170 2023 habentia,
1193 1963 1261 2034 per
1283 1937 1349 2010 cir·

227 2046 548 2119 cumadiacentem
565 2045 771 2144 regionem,
791 2045 1054 2117 manducantia
1069 2047 1117 2118 de
1133 2046 1203 2116 hoc
1224 2045 1346 2141 foeno,
1385 2079 1423 2144 15

227 2154 354 2225 asuis
382 2153 455 2226 sint
491 2150 790 2249 aegritudinibus
826 2150 1004 2225 liberata·
1051 2152 1169 2224 lmmo
1205 2166 1243 2224 et
1273 2177 1350 2222 mu-

202 2339 205 2345 ,
228 2258 346 2343 lieres,
378 2277 487 2355 partu
516 2260 622 2356 gravi
642 2284 686 2333 ac
706 2258 822 2355 longo
841 2259 1065 2341 laborantes
1089 2259 1137 2331 de
1155 2258 1350 2355 praedicto

228 2366 339 2439 loeno
369 2366 437 2439 sibi
466 2366 829 2463 superimponentes,
861 2380 969 2463 partu
1007 2365 1156 2463 pariunt
1184 2364 1347 2450 salutari,

229 2488 342 2569 atque
362 2497 385 2545 a
403 2473 560 2545 diversis
589 2473 756 2545 cladibus
784 2472 977 2569 utriusque
1006 2498 1118 2545 sexus
1148 2497 1350 2545 concursus

163 2627 165 2631 -
228 2579 480 2652 desideratam
496 2580 634 2652 ibidem
650 2579 821 2652 obtinent
835 2580 1043 2652 sanitatem.
1098 2579 1349 2653 Consecratus
1379 2611 1424 2658 20

229 2701 286 2758 est
314 2687 477 2782 denique
506 2687 609 2759 locus
637 2686 822 2783 praesepii
852 2685 1030 2781 templum
1056 2685 1233 2772 Domin0,
1255 2685 1349 2758 etin

229 2786 410 2866 honorem
440 2791 643 2865 beatissimi
673 2793 790 2890 patris
810 2792 997 2866 Francisci
1027 2817 1140 2888 super
1167 2816 1350 2890 praesepe

227 2899 344 2971 altare
373 2900 599 2972 construitur
627 2915 665 2973 et
693 2899 853 2972 ecclesia
880 2898 1085 2981 dedicatur,
1116 2915 1156 2970 ut
1184 2899 1247 2971 ubi
1275 2899 1350 2970 ani-

229 3003 340 3077 malia
368 3008 595 3103 quandoque
626 3006 723 3079 foeni
755 3006 933 3103 pabulum
954 3006 1209 3088 comederunt,
1232 3004 1351 3077 ibide

229 3128 379 3185 caetero
407 3113 456 3186 ad
484 3113 683 3186 sanitatem
707 3114 854 3187 animae
873 3138 917 3187 ac
938 3111 1104 3209 corporis
1125 3112 1351 3185 manducent
1381 3145 1425 3211 25

229 3218 400 3291 homines
438 3243 569 3292 carnes
606 3221 693 3317 agni
731 3219 959 3293 immaculati
992 3236 1029 3292 et
1058 3217 1348 3302 incontaminati,

230 3325 311 3396 lesu
343 3325 481 3400 Christi
511 3326 651 3399 domini
681 3326 807 3411 nostri,
841 3326 904 3422 qui
933 3345 1080 3398 summa
1108 3342 1147 3398 et
1175 3323 1350 3398 ineffabili

229 3431 411 3506 charitate
439 3434 544 3506 dedit
569 3434 732 3530 seipsum
755 3432 872 3517 nobis,
896 3431 980 3505 cu‘m
1001 3433 1111 3504 Patre
1139 3457 1183 3506 ac
1212 3425 1351 3529 Spiritu

304 3667 326 3706 r.
345 3651 388 3715 H,
410 3651 576 3722 Olpuerum
631 3650 724 3704 Hom.
745 3668 830 3703 unum
913 3651 1093 3718 asanctum]
1114 3651 1158 3705 AS
1183 3650 1353 3705 sacerdotem

167 3739 171 3747 '
231 3745 253 3797 3.
268 3731 312 3785 AS
323 3747 420 3785 somno
438 3739 460 3785 el
479 3748 527 3784 om.
543 3748 642 3802 sopore
689 3733 820 3800 Rsapore
892 3731 1016 3795 4.Hest
1035 3731 1104 3783 visio
1176 3728 1230 3801 6-7
1258 3731 1353 3784 Hom.

199 3828 202 3835 ¹
228 3824 351 3864 sanctum
371 3820 393 3865 et
412 3812 455 3882 leg.
474 3813 615 3864 suscitatus
687 3812 702 3863 8
725 3812 747 3865 B
758 3813 802 3865 sol.
821 3812 877 3865 bal.
890 3811 1025 3882 denique;
1039 3828 1105 3864 omn.
1120 3810 1153 3865 ol.
1167 3811 1235 3865 codd.
1256 3812 1353 3864 deinde

228 3907 253 3961 9.
269 3892 304 3945 Os
317 3892 455 3945 remeabat
531 3907 569 3945 10.
590 3890 848 3945 RConservabatur
923 3892 1059 3944 11-12.H
1069 3891 1155 3943 salvar
1168 3899 1190 3945 el
1203 3909 1253 3945 om.
1273 3889 1355 3945 iaciat

231 3987 271 4039 13.
291 3972 326 4028 Ε.
343 3973 377 4026 0,-
389 3970 491 4025 sactum
568 3988 607 4036 14.
624 3972 720 4041 multa]
736 3972 785 4025 AS
797 3989 863 4034 om.,·
880 3971 914 4024 Os
928 3982 1002 4023 muta
1078 3969 1109 4024 16
1132 3972 1169 4033 Ε,
1185 3972 1219 4034 L,
1236 3972 1263 4024 ll
1276 3982 1354 4039 sunt,-

230 4052 265 4105 Os
280 4050 374 4104 fierent
442 4050 480 4105 18.
494 4052 523 4105 H
534 4051 704 4121 imponentes
718 4065 794 4120 partu
808 4052 959 4122 parturiunt
1028 4068 1066 4121 ¹9·
1080 4048 1241 4120 concursus]
1258 4050 1278 4103 P
1291 4066 1354 4105 con·

203 4148 322 4207 ¹versus
389 4131 637 4209 zoliadeptisunp
686 4131 720 4183 W
727 4131 830 4184 obtinet
897 4131 979 4185 21,H
988 4131 1102 4184 Domini
1173 4131 1355 4201 22.0tpatris

228 4210 314 4264 nostri
325 4211 353 4264 F.
428 4211 510 4280 23,H
516 4212 599 4264 altare
610 4212 723 4263 Domini
760 4212 785 4266 Ε
795 4210 965 4264 constituitur
1003 4212 1037 4264 Os
1048 4211 1082 4262 ibi
1156 4209 1355 4281 2405pabula

228 4290 371 4343 comedant
390 4304 416 4343 et
490 4305 532 4354 25.
552 4290 672 4361 animae]
700 4291 733 4342 W
749 4292 846 4343 mentis
920 4290 961 4343 260
983 4289 1364 4345 Alumetincontamiuati·

231 4371 457 4437 27.Rom.nostri
505 4370 642 4425 Heffabili
716 4369 1052 4440 28.charitate]Lpietate
1102 4372 1263 4424 Moratum
1277 4369 1356 4422 Patre
