3142 4875
259 356 281 421 6
658 373 832 424 nnosunn
860 374 975 424 PRIMA

256 485 704 493 ...——-———-.-——.-—
711 486 842 493 -—-

257 606 358 700 Quia
386 607 483 682 inter
509 606 798 682 exercitationes
830 624 1026 706 parentum
1063 608 1257 690 crevimus,
1289 607 1377 680 ideo

255 739 278 788 a
298 714 456 811 pueritia
476 739 544 787 nos
563 715 688 789 omnia
709 715 806 788 mala
825 730 1042 812 sequuntur.
1099 713 1376 787 Testimonium

256 821 327 894 hoc
356 846 484 894 verum
515 839 583 908 est,
614 847 698 894 cum
727 846 773 894 eo
803 821 1008 894 inimiciora
1036 821 1110 894 sint
1140 820 1256 917 [filiis]
1287 837 1376 893 vota

256 945 465 1024 parentum,
496 949 575 1025 quo
600 953 747 1001 cessere
776 926 928 1001 felicius.
987 927 1063 1002 Sed
1082 944 1120 1001 et
1149 953 1233 1000 curn
1262 925 1375 1025 paulo

255 1033 465 1130 plusculum
484 1050 607 1109 aetate
636 1035 872 1132 profecerint,
902 1059 944 1107 se
972 1033 1062 1131 ipsis
1086 1032 1371 1131 impellentibus,
1411 1054 1425 1118 5

256 1165 406 1238 semper
433 1142 482 1215 ad
511 1140 697 1215 deteriora
725 1166 842 1237 opera
877 1140 1099 1215 dilabuntur.
1158 1140 1217 1213 Ex
1245 1139 1376 1214 vitiata

258 1272 418 1345 namque
439 1247 563 1321 radice
583 1249 694 1321 arbor
707 1248 842 1320 vitiosa
856 1248 1067 1331 succrescit,
1085 1263 1123 1321 et
1137 1247 1238 1345 quod
1258 1246 1375 1320 semel

257 1352 353 1427 male
382 1355 627 1451 depravatum
656 1371 714 1428 est
740 1354 804 1426 vix
834 1354 960 1428 reduci
989 1369 1114 1451 potest
1137 1355 1184 1428 ad
1204 1354 1374 1451 regulam

257 1459 466 1557 aequitatis.
517 1461 613 1534 Cum
633 1487 723 1534 vero
743 1459 1021 1535 adolescentiae
1035 1479 1163 1559 portas
1183 1461 1376 1558 coeperint

257 1565 419 1649 introire,
450 1566 579 1663 quales
609 1594 675 1642 eos
703 1567 781 1641 fieri
811 1567 1021 1641 arbitraris?
1077 1567 1186 1642 Tunc
1205 1568 1376 1666 prolecto
1410 1587 1446 1633 10

203 1741 204 1744 ,
256 1673 357 1745 omni
388 1674 640 1747 dissolutionis
668 1700 811 1772 genere
839 1675 1038 1758 fluitantes,
1060 1699 1107 1748 eo
1135 1675 1237 1773 quod
1265 1673 1376 1748 liceat

256 1778 309 1851 eis
338 1779 490 1877 explere
519 1806 630 1854 omne
659 1782 760 1878 quod
802 1782 902 1866 libet,
948 1783 1049 1854 omni
1083 1782 1208 1854 studio
1235 1807 1277 1854 se
1304 1798 1376 1854 tra-

256 1886 349 1958 dunt
377 1886 528 1986 flagitiis
557 1888 755 1961 deservire.
814 1887 875 1961 Sic
904 1888 1003 1962 enim
1031 1889 1240 1962 voluntaria
1260 1889 1376 1961 servi·

254 2009 334 2066 tute
363 1993 460 2066 servi
489 1993 610 2067 eflecti
639 1994 796 2092 peccati,
826 2020 929 2068 arma
959 1993 1142 2091 iniquitati
1179 2011 1376 2091 exponunt

256 2100 381 2173 omnia
410 2102 578 2174 membra
605 2127 682 2186 sua,
715 2118 752 2174 et
782 2101 871 2174 nihil
900 2102 936 2174 in
966 2127 1008 2174 se
1036 2100 1259 2175 christianae
1294 2102 1376 2174 reli·
1410 2123 1444 2188 15

257 2207 389 2303 gionis,
423 2207 458 2279 in
486 2208 573 2288 vita,
604 2233 670 2281 seu
700 2208 735 2280 in
767 2209 931 2281 moribus
962 2209 1262 2306 [praeferentes],
1295 2209 1376 2280 solo

256 2312 533 2387 christianitatis
563 2314 713 2387 nomine
742 2341 782 2388 se
811 2331 971 2388 tuentur.

340 2446 371 2493 2.
404 2420 587 2495 Simulant
615 2421 739 2495 miseri
772 2423 992 2519 plerumque
1029 2448 1070 2494 se
1113 2421 1293 2519 nequiora
1321 2421 1377 2495 le·

255 2528 350 2600 cisse
369 2554 481 2625 quam
502 2529 666 2613 iecerint,
692 2555 738 2601 ne
757 2529 955 2602 videantur
974 2528 1206 2613 abiectiores,
1228 2554 1304 2625 quo
1325 2529 1375 2601 in-

258 2635 492 2707 nocentiores
511 2636 706 2709 exsistunt.
764 2636 870 2709 Haec
890 2653 976 2709 sunt
997 2635 1132 2708 misera
1151 2635 1372 2721 rudimenta,
1408 2656 1448 2702 20

256 2740 293 2812 in
313 2742 447 2838 quibus
467 2741 580 2815 homo
600 2744 679 2825 iste,
703 2768 815 2839 quem
836 2760 1004 2816 sanctum
1025 2742 1138 2815 hodie
1153 2767 1377 2816 veneramur

256 2847 432 2944 quoniam
461 2874 549 2921 vere
578 2865 729 2922 sanctus
757 2866 824 2927 est.
855 2875 877 2923 a
906 2848 1065 2945 pueritia
1086 2850 1315 2934 versabatur,
1337 2865 1377 2923 et

257 2956 334 3027 lere
363 2956 558 3051 usquead
587 2955 810 3053 vigesimum
841 2956 1009 3053 quintum
1038 2955 1172 3029 aetatis
1195 2981 1285 3029 suae
1313 2981 1376 3029 an·

258 3086 344 3132 num
388 3077 536 3159 tempus
577 3088 685 3136 suum
728 3061 986 3135 miserabiliter
1028 3062 1190 3159 perdidit
1218 3078 1257 3135 et
1286 3088 1375 3135 con·

257 3166 425 3265 sumpsit.
483 3169 602 3241 lmmo
631 3195 745 3266 super
788 3195 920 3242 omnes
961 3186 1186 3242 coaetaneos
1222 3195 1311 3242 suos
1340 3170 1376 3242 in
1406 3189 1444 3255 25

257 3275 483 3347 vanitatibus
526 3275 621 3348 male
659 3275 870 3373 proficiens,
915 3278 1083 3348 incentor
1124 3276 1306 3348 malorum
1340 3294 1378 3349 et

257 3382 464 3454 aemulator
478 3381 654 3456 stultitiae
670 3383 921 3456 abundantius
936 3382 1150 3455 exsistebat.
1205 3382 1377 3459 Admira-

332 3635 550 3698 1.ll'Quiinter
601 3638 659 3702 AS,
681 3638 936 3691 Rexercitationem
987 3638 1196 3691 Mexcrevimus
1272 3656 1294 3691 2.
1313 3642 1376 3709 2112

255 3718 281 3767 in
369 3734 389 3785 3.
418 3719 450 3767 W
467 3717 520 3770 hoc
540 3718 617 3770 nobis
676 3721 777 3773 licum
799 3735 854 3789 quo
874 3718 977 3771 inimic.
1003 3731 1065 3771 sunt
1148 3734 1173 3783 4.
1201 3717 1235 3769 W
1255 3737 1304 3772 om.
1333 3737 1377 3789 pa·

256 3810 362 3849 rentum
439 3799 583 3850 Rccssare
678 3813 700 3863 5.
725 3798 772 3850 AS
795 3796 1026 3867 interpellantibus
1100 3798 1378 3867 Einterpellenribus

257 3878 280 3929 6.
303 3878 350 3942 Os,
373 3878 414 3930 Ox
434 3878 530 3929 vitiosa
604 3892 627 3945 7.
649 3879 677 3930 ll
697 3880 828 3931 successit
900 3892 925 3947 9.
947 3877 1199 3932 Radolescentulae
1275 3895 1314 3931 11.
1336 3881 1378 3933 AS

255 3976 304 4010 orii.
325 3957 511 4010 dissolutionis
550 3957 826 4023 H,Orfluctuantes
885 3973 923 4010 12.
941 3958 986 4011 AS
1000 3976 1048 4010 om.
1065 3974 1148 4011 omne
1207 3974 1237 4023 14
1264 3959 1376 4029 Orpee-

257 4050 317 4091 cata
334 4041 414 4091 armis
429 4039 576 4110 iniquitatis
615 4039 794 4110 lliniquitatis
861 4038 954 4105 15-16.
976 4038 1106 4093 Hchrist.
1122 4040 1227 4092 virtutis
1299 4038 1379 4094 16.B

257 4116 424 4186 proferentes
502 4120 593 4186 16·17.
610 4120 704 4173 Osour.
722 4122 748 4169 in
767 4119 1062 4172 vita-christianitatis
1140 4119 1177 4172 18.
1203 4119 1378 4189 W,Rpluri·

258 4215 332 4250 mum
347 4216 375 4251 sc
447 4198 811 4270 19.050m.quamfecerint
849 4202 885 4252 As
901 4197 1020 4252 lecerunt
1034 4216 1060 4251 n.
1074 4216 1133 4252 v.a.
1148 4200 1193 4269 qui
1232 4200 1377 4253 Osnevid.

260 4282 347 4347 magis
368 4297 389 4330 a.
476 4293 569 4347 19-20.
588 4281 615 4332 H
633 4281 777 4348 nequiores
798 4282 886 4332 exsist.
961 4293 1000 4331 22.
1026 4279 1181 4332 versabatur
1199 4279 1237 4348 et]
1263 4279 1293 4332 H
1305 4281 1377 4334 enim

262 4373 303 4425 23.
325 4360 359 4411 os
378 4375 439 4410 vere
515 4360 763 4429 25.E,Msupra
820 4358 1044 4412 26.Hintentor
1118 4360 1379 4429 27.Hom.stulri·

259 4437 312 4489 tiae
357 4438 390 4489 05
406 4437 536 4489 exsistens
552 4449 609 4490 erat
691 4456 693 4459 ·
