3142 4875
230 319 306 390 394
537 320 745 370 Tancrxrus
773 322 821 370 uu
849 321 1043 371 urnncutrs

231 430 435 438 ——--.....,
455 431 513 436 -,,
538 430 569 437 -„
587 432 597 436 ν
808 429 839 436 Ι*

226 554 326 627 enim
355 551 455 625 omni
491 571 662 627 cessante
700 580 885 651 pressura,
926 571 1072 651 partum
1108 554 1226 628 edidit
1265 582 1356 629 cum

225 661 354 733 salute.
413 660 498 732 Non
529 661 596 732 fuit
624 661 820 735 immemor
849 662 934 745 voti,
968 688 1041 734 non
1079 663 1259 759 propositi
1293 689 1356 736 re-

226 768 327 864 fuga.
384 766 592 839 Ecclesiam
621 768 822 865 quamdam
857 769 1142 866 pulcherrimam
1182 771 1353 842 construi

227 875 322 957 fecit,
354 890 392 946 et
419 889 670 948 constructam
699 875 746 947 ad
776 876 894 948 sancti
924 876 1033 948 huius
1068 876 1249 949 honorem
1281 878 1352 950 fra-

227 981 344 1054 tribus
372 981 588 1078 assignavit.
756 999 757 1002 ’
1385 1000 1400 1061 5

306 1091 367 1177 96.
400 1089 438 1159 ln
470 1088 636 1183 partibus
666 1089 846 1161 Romanis
879 1089 1030 1162 Beatrix
1068 1090 1252 1186 quaedam
1285 1115 1350 1162 no-

227 1194 336 1277 mine,
367 1193 489 1266 vicina
517 1194 649 1291 partui,
682 1222 765 1267 cum
795 1222 862 1293 per
891 1196 971 1268 dies
992 1214 1153 1293 quatuor
1172 1196 1287 1269 fetum
1310 1197 1349 1270 in

226 1319 355 1374 ventre
375 1319 541 1398 portaret
570 1301 807 1384 exstinctum,
827 1302 951 1375 multis
975 1303 1101 1376 infelix
1122 1304 1350 1376 actitabatur

225 1408 408 1506 angustiis
436 1425 474 1481 et
502 1407 712 1482 exitialibus
740 1408 932 1482 doloribus
970 1411 1183 1508 urgebatur.
1241 1411 1345 1482 Mor-

225 1536 310 1588 tuus
339 1516 434 1587 fetus
464 1533 618 1587 matrem
648 1516 811 1613 cogebat
838 1516 886 1589 ad
916 1532 1083 1600 mortem,
1115 1533 1153 1589 et
1178 1517 1346 1589 nondum
1383 1531 1425 1577 1⁰

224 1639 370 1720 partum
400 1621 609 1694 abortivum
643 1622 831 1719 publicum
870 1624 998 1695 matris
1034 1623 1240 1719 periculum
1279 1650 1348 1721 pa-

225 1729 352 1801 riebat.
410 1727 550 1802 Tentat
579 1731 809 1802 medicorum
833 1729 1021 1814 auxilium,
1045 1728 1345 1826 experimentum

224 1835 344 1917 fallax,
376 1835 443 1908 sed
471 1861 583 1908 omne
612 1836 813 1908 humanum
845 1837 1050 1910 remedium
1080 1836 1274 1909 laborabat
1308 1837 1346 1909 in

223 1968 371 2015 vanum.
431 1941 491 2015 Sic
511 1942 559 2014 de
579 1941 707 2039 primis
728 1941 1052 2016 maledictionibus
1075 1942 1264 2040 copiosius
1282 1942 1347 2016 ali-

225 2049 314 2146 quid
343 2048 553 2121 declinabat
582 2049 618 2121 in
640 2050 823 2133 miseram,
848 2067 888 2123 ut
906 2050 1117 2146 sepulcrum
1137 2050 1234 2123 facta
1254 2075 1345 2123 con·
1383 2065 1418 2130 15

225 2174 355 2252 ceptus
384 2156 594 2253 sepulcrum
624 2181 692 2253 pro
721 2172 824 2229 certo
853 2157 1063 2253 proximum
1093 2172 1342 2253 exspectaret.

224 2263 415 2335 Fratribus
443 2264 594 2335 tandem
624 2263 832 2336 Minoribus
853 2289 921 2359 per
939 2264 1186 2338 internuntios
1205 2280 1283 2337 tota
1303 2290 1347 2337 se

224 2370 423 2443 devotione
452 2369 658 2452 committit,
690 2388 728 2443 et
756 2370 972 2468 suppliciter
998 2369 1137 2468 aliquid
1158 2371 1204 2444 de
1225 2371 1343 2445 sancti

224 2477 411 2550 Francisci
454 2476 616 2574 reliquiis
658 2476 731 2549 fide
773 2477 883 2574 plena
926 2479 1106 2574 deposcit.
1173 2478 1345 2576 Contigit

226 2600 313 2656 nutu
350 2583 475 2656 divino
512 2584 779 2680 aliquantulum
818 2583 973 2657 inveniri
1002 2585 1049 2657 de
1078 2586 1227 2668 chorda,
1268 2611 1344 2682 qua
1378 2600 1418 2643 20

224 2693 342 2763 fuerat
361 2706 512 2764 sanctus
546 2690 772 2787 quandoque
801 2691 1047 2787 praecinctus.
1106 2692 1273 2789 Moxque
1303 2709 1344 2764 ut

223 2824 335 2894 super
363 2796 552 2870 dolentem
582 2796 703 2893 posita
732 2799 872 2871 chorda
908 2799 985 2882 fuit,
1021 2797 1142 2871 omnis
1171 2798 1343 2871 facillime

223 2904 365 2977 solutus
380 2920 437 2976 est
453 2904 568 2987 dolor,
588 2904 716 2977 mortis
737 2930 850 2978 causa
870 2925 1038 2978 mortuus
1058 2906 1154 2978 fetus
1169 2906 1339 2987 emissus,

222 3010 376 3108 pristina
406 3012 545 3083 sanitas
574 3009 753 3084 restituta.

304 3138 364 3209 97.
398 3117 601 3190 Cuiusdam
631 3118 678 3191 de
709 3119 845 3192 Carrio
885 3117 1017 3191 nobilis
1045 3118 1111 3190 viri
1142 3143 1245 3202 uxor,
1279 3145 1342 3191 no·
1374 3136 1413 3200 25

223 3226 323 3298 mine
352 3225 501 3307 Iuliana,
533 3250 601 3321 pro
630 3225 787 3298 filiorum
814 3243 932 3298 morte
960 3250 1079 3299 annos
1097 3226 1271 3298 trahebat
1290 3227 1342 3298 lu·

222 3334 362 3429 gubres
381 3350 419 3404 et
433 3348 589 3403 eventus
609 3333 778 3428 plorabat
798 3333 974 3404 continue
993 3331 1168 3405 infelices.
1227 3332 1343 3406 Filios

222 3466 317 3536 quos
350 3456 548 3536 pepererat
585 3464 716 3511 omnes
744 3454 843 3512 terra
873 3454 1075 3535 receperat,
1107 3456 1145 3511 et
1173 3438 1342 3512 novellos

222 3546 390 3619 surculos
428 3545 560 3618 festina
588 3546 707 3618 fuerat
735 3564 863 3618 secuta
892 3546 1042 3618 securis.
1102 3547 1198 3618 Cum
1227 3546 1343 3643 igitur

222 3671 381 3751 quatuor
403 3653 584 3724 mensium
614 3669 836 3748 conceptum
866 3653 1021 3725 haberet
1049 3652 1085 3724 in
1116 3668 1231 3736 uter0,
1258 3654 1343 3749 plus
1374 3670 1416 3734 30

222 3761 380 3833 moerori
410 3785 522 3856 quam
559 3759 699 3855 gaudio
736 3759 964 3856 indulgebat,
1005 3759 1141 3832 timens
1174 3784 1220 3831 ne
1249 3760 1343 3833 falsa

220 3870 267 3940 de
296 3884 379 3940 ortu
408 3866 548 3940 laetitia
586 3868 755 3963 sequenti
795 3868 1032 3939 frustraretur
1070 3866 1255 3940 moestitia
1293 3866 1342 3939 de

218 4001 364 4048 occasu.
410 3973 509 4046 Ecce
539 3989 663 4046 autem
703 3990 812 4047 nocte
842 3972 1004 4070 quadam
1043 3973 1241 4046 dormienti
1270 3972 1340 4045 sibi

219 4082 350 4155 mulier
370 4080 554 4178 quaedam
574 4082 780 4177 apparebat
802 4079 1005 4162 insomnis,
1027 4081 1231 4152 formosum
1251 4105 1341 4176 pue·

220 4189 339 4260 rulum
369 4204 522 4282 gestans
550 4186 587 4257 in
617 4187 797 4271 manibus,
830 4187 1006 4283 illumque
1041 4186 1240 4259 laetissime
1268 4184 1340 4258 sibi
1372 4203 1415 4269 35

220 4292 390 4371 offerens,
431 4291 578 4362 dicebat
612 4291 753 4364 eidem:
785 4293 939 4387 Accipe,
980 4292 1141 4375 domina,
1182 4317 1339 4389 puerum

222 4397 342 4475 istum,
366 4418 478 4487 quem
497 4413 647 4467 sanctus
666 4397 888 4470 Franciscus
907 4397 973 4471 tibi
993 4397 1232 4471 tramsmittit.
1285 4397 1341 4470 At
