3142 4875
665 351 838 401 LEGENDA
866 353 977 401 PRIMA

270 772 464 863 Quomodo,
481 782 620 844 mutato
634 772 778 854 nabitu,
797 774 921 869 refecit
934 772 1116 844 ecclesiam
1133 772 1291 844 Sanctae
1300 772 1389 842 Ma-

347 888 429 959 riae
457 889 498 959 z'n
517 888 778 970 Portr'uncula,
795 899 829 960 et
845 888 1018 984 quomodo
1036 889 1166 958 audito
1184 886 1386 982 euangelio,

348 1004 489 1076 relictis
524 1004 705 1086 omnibns,
744 1003 915 1076 nantum
946 1029 1052 1099 quem
1071 1004 1223 1099 fratres
1255 1001 1391 1073 nabent

347 1121 544 1192 adinvenit
560 1121 705 1216 etfacit.
764 1119 829 1192 IX.

352 1384 412 1431 21.
444 1360 589 1433 Interea
613 1378 763 1433 sanctus
792 1360 876 1444 Dei,
900 1375 1043 1432 mutato
1071 1357 1197 1432 habitu
1227 1376 1266 1432 et
1284 1382 1390 1454 prae·
1419 1395 1437 1459 5

270 1466 368 1539 dicta
382 1467 539 1539 ecclesia
554 1484 736 1563 reparata,
756 1466 930 1564 migravit
943 1467 991 1540 ad
1011 1468 1133 1539 locum
1153 1465 1265 1538 alium
1286 1466 1391 1537 iuxta

270 1573 457 1645 civitatem
476 1573 621 1659 Assisii,
639 1574 675 1647 in
696 1600 772 1670 quo
791 1573 986 1647 ecelesiam
1006 1572 1207 1669 quamdam
1228 1572 1389 1644 dirutam

270 1695 308 1752 et
344 1681 615 1777 propemodum
653 1706 824 1754 eversam
860 1678 1100 1753 reaedificare
1137 1678 1327 1775 incipiens,
1367 1703 1392 1750 a

268 1788 369 1859 bono
401 1787 583 1884 principio
612 1813 685 1860 non
715 1787 856 1860 destitit
885 1812 1079 1883 quousque
1107 1786 1155 1859 ad
1184 1787 1390 1883 perfectum

268 1894 473 1966 adduceret
500 1895 683 1967 universa.
744 1895 833 1967 Inde
862 1919 952 1966 vero
984 1896 1033 1966 ad
1060 1892 1171 1966 alium
1201 1918 1241 1966 se
1273 1908 1392 1965 trans·
1424 1927 1465 1971 10

270 2000 352 2072 tulit
379 1999 512 2086 locum,
544 2000 606 2097 qui
636 2000 873 2074 Portiuncula
902 2017 1146 2096 nuncupatur,
1179 2000 1310 2096 inquo
1333 2025 1392 2070 ec-

270 2107 384 2180 clesia
412 2109 552 2181 Beatae
589 2108 755 2204 Virginis
788 2107 916 2180 matris
952 2107 1025 2179 Dei
1063 2106 1268 2202 antiquitus
1305 2130 1391 2178 con·

270 2230 411 2287 structa
425 2215 628 2298 exstiterat,
646 2217 713 2288 sed
723 2216 872 2288 deserta
880 2232 967 2286 tunc
983 2213 1163 2288 anemine
1178 2213 1387 2286 curabatur.

272 2322 396 2415 Quam
434 2347 519 2394 cum
555 2338 706 2395 sanctus
743 2322 817 2394 Dei
854 2336 1025 2393 cerneret
1062 2322 1115 2394 sic
1148 2320 1388 2400 destructam,

270 2429 410 2525 pietate
439 2448 659 2513 commotus,
691 2428 777 2526 quia
802 2428 1002 2502 devotione
1030 2428 1199 2502 fervebat
1226 2453 1319 2525 erga
1338 2443 1392 2499 to·
1425 2461 1464 2526 ¹5

270 2534 343 2608 tius
371 2537 548 2608 bonitatis
576 2537 748 2620 Matrem,
782 2537 906 2633 coepit
935 2535 1073 2608 ibidem
1102 2534 1274 2608 assiduus
1293 2559 1392 2606 com-

271 2642 418 2716 morari.
489 2643 646 2716 Factum
679 2661 736 2716 est
773 2660 910 2725 autem,
942 2667 1026 2715 cum
1059 2642 1133 2714 iam
1167 2642 1305 2715 dictam
1333 2665 1392 2713 ec·

271 2748 422 2823 clesiam
460 2767 680 2845 reparasset,
713 2748 966 2823 conversionis
995 2749 1075 2821 eius
1111 2774 1232 2822 annus
1260 2746 1392 2821 tertius

271 2857 465 2954 agebatur.
489 2856 577 2951 Quo
592 2856 627 2929 in
649 2873 818 2955 tempore
836 2849 972 2963 [quasi]
989 2855 1248 2929 heremiticum
1268 2855 1393 2927 ferens

273 2955 488 3069 [habitum],
519 2963 707 3037 accinctus
736 2964 896 3062 corrigia
924 2981 962 3036 et
990 2962 1162 3036 baculum
1192 2986 1303 3035 manu
1328 2986 1392 3059 ge·
1422 2995 1467 3040 20

271 3087 384 3151 stans,
416 3072 589 3143 calceatis
616 3071 776 3167 pedibus
804 3072 1012 3143 incedebat.

356 3202 414 3248 22.
445 3177 521 3250 Sed
549 3204 633 3251 cum
667 3180 727 3250 die
756 3179 919 3275 quadam
955 3174 1202 3274 evangelium,
1235 3173 1393 3272 qualiter

271 3283 458 3356 Dominus
487 3284 628 3357 miserit
655 3284 857 3381 discipulos
894 3310 982 3357 suos
1010 3284 1057 3356 ad
1086 3282 1390 3380 praedicandum,

272 3390 308 3461 in
328 3393 460 3464 eadem
481 3391 639 3465 ecclesia
662 3392 862 3489 legeretur,
885 3408 922 3464 et
941 3406 1092 3463 sanctus
1120 3390 1193 3462 Dei
1214 3389 1393 3462 assistens

272 3497 409 3569 ibidem
440 3515 641 3594 utcumque
670 3499 914 3571 intellexisset
940 3497 1056 3570 verba
1075 3497 1304 3593 evangelica,
1335 3521 1393 3567 ce·
1423 3532 1465 3594 25

272 3603 422 3677 lebratis
442 3604 636 3678 missarum
667 3605 866 3691 solemniis,
898 3630 920 3678 a
947 3604 1145 3677 sacerdote
1165 3603 1232 3676 sibi
1254 3601 1393 3698 exponi

347 3858 367 3895 1.
388 3841 572 3894 Pimmutato
626 3843 656 3896 H
678 3841 742 3894 fecit
850 3857 875 3895 2.
896 3843 931 3905 L,
953 3842 994 3904 M,
1017 3842 1064 3905 Os,
1085 3840 1231 3905 P,Rom.
1253 3840 1394 3911 quomodo

270 3923 301 3976 H
313 3939 362 3975 om.
378 3923 518 3993 quomodo
535 3922 595 3975 aud.
613 3922 756 3991 evangelio
829 3938 855 3987 4.
878 3923 911 3973 W
924 3941 972 3975 om.
989 3922 1126 3974 adinvenit
1142 3921 1248 3974 erfecit
1300 3922 1329 3974 ,u
1344 3938 1395 3974 om.

271 4013 298 4054 et
316 4002 379 4055 lecit
452 4003 476 4056 8.
496 4003 541 4056 AS
555 4020 603 4056 ont.
623 4016 649 4055 et
667 4010 688 4055 n
704 4019 825 4055 eversam
898 4018 924 4073 9.
941 4004 970 4054 M
989 4002 1092 4054 desistit
1169 4017 1208 4054 ιο.
1229 4000 1289 4066 AS,
1309 4001 1347 4063 Ε,
1367 4001 1399 4054 Η

271 4083 381 4135 duceret
445 4097 483 4135 12.
498 4083 529 4135 M
540 4101 588 4136 om.
602 4082 748 4153 antiquitus
814 4083 969 4151 12-13.AS
981 4083 1128 4134 constituta
1192 4098 1231 4149 13.
1245 4080 1394 4149 exstiterat]

277 4161 407 4216 ll'fuerat
461 4163 663 4217 ASintrabatur
739 4179 777 4227 14.
795 4164 828 4214 W
837 4164 972 4214 desertam
1050 4161 1230 4229 15.Rdevote
1307 4161 1347 4214 18.
1363 4163 1400 4212 W

275 4243 485 4296 conversationis
562 4260 600 4309 ¹9·
618 4244 638 4296 Β
653 4260 702 4295 om,
718 4242 794 4311 quasi
869 4257 909 4295 20.
924 4244 945 4295 B
958 4259 1006 4295 orn.
1020 4241 1140 4293 habitum
1158 4250 1181 4294 et
1199 4241 1244 4311 leg.
1264 4241 1290 4293 in
1310 4257 1395 4292 mauu

275 4338 369 4375 2c-2t.
386 4323 445 4386 AS,
462 4324 498 4386 E,
517 4324 559 4376 Or
575 4336 699 4391 portans;
717 4321 842 4375 Pierens
916 4337 958 4376 21.
976 4324 995 4376 R
1012 4322 1148 4374 calceatus
1222 4336 1265 4392 23.
1280 4322 1310 4375 H
1321 4323 1396 4376 misit

276 4416 317 4467 25.
338 4403 494 4472 utcumque]
516 4403 544 4454 H
565 4415 594 4454 ut
615 4403 778 4472 ubicumque
852 4400 894 4454 26,
915 4403 935 4455 L
955 4419 1005 4454 orn.
1024 4403 1074 4454 sibi
