3142 4875
619 373 724 423 BEATI
753 372 938 421 FRANCISCI

220 484 295 491 0⁶0⁴-
317 485 333 489 .-

217 607 248 679 si
277 632 337 679 me
365 606 532 704 digneris
569 607 617 679 ab
646 607 715 678 hac
743 605 980 703 aegritudine
1008 605 1186 690 liberare;
1216 605 1339 680 adhuc

217 731 294 787 tam
333 737 511 811 magnum
550 712 767 787 miraculum
804 739 876 784 uon
915 713 1045 787 fecisti.
1116 713 1214 786 Nam
1253 716 1339 811 [pro

218 819 348 916 nimio]
379 820 573 918 sanguinis
608 820 709 892 fluxu
748 820 945 893 videbatur
980 820 1170 918 praedicta
1209 819 1339 893 mulier

216 927 366 1025 saepius
395 926 596 1024 exspirare.
667 928 718 999 Et
745 926 775 999 si
805 928 957 1023 quando
990 928 1112 999 fluxus
1140 928 1339 1026 restringe-

171 1066 188 1131 5
216 1036 335 1118 batur,
354 1051 433 1108 toto
450 1059 607 1131 corpore
622 1035 866 1108 tumescebat.
912 1034 1014 1129 Quid
1032 1034 1159 1130 plura?
1206 1036 1339 1108 Paucis

215 1141 352 1238 elapsis
381 1141 524 1226 diebus,
554 1141 667 1215 sentit
695 1167 735 1214 se
764 1140 967 1214 beatissimi
988 1141 1177 1215 Francisci
1199 1142 1338 1215 meritis

216 1247 420 1321 liberatam.
492 1246 625 1321 Filium
661 1273 812 1345 quoque
850 1249 939 1332 eius,
980 1247 1140 1321 Marium
1175 1249 1335 1333 nomine,

216 1357 279 1452 qui
307 1355 500 1428 brachium
522 1356 685 1429 habebat
703 1372 946 1440 contractum,
977 1371 1128 1428 sanctus
1156 1355 1227 1428 Dei
1257 1354 1337 1428 solo

215 1479 304 1536 voto
333 1461 488 1536 sanavit.
527 1537 529 1540 .

149 1594 187 1640 ιο
251 1561 253 1564 ’
303 1590 385 1660 149.
417 1568 611 1643 Feminam
641 1569 842 1665 quamdam
872 1569 920 1641 de
944 1568 1078 1656 Sicilia,
1096 1594 1164 1667 per
1192 1584 1337 1666 septen·

216 1676 317 1748 nium
351 1675 452 1748 fluxu
490 1675 684 1773 sanguinis
719 1675 925 1773 fatigatam,
951 1678 1084 1750 beatus
1116 1676 1338 1749 Franciscus

217 1782 354 1855 Christi
384 1782 538 1881 signifer
565 1807 695 1856 sanam
725 1784 822 1855 lecit.

642 1990 908 1998 ——--·—-——.

402 2174 460 2245 Dc
490 2172 638 2243 insanis
665 2181 699 2241 et
725 2171 981 2242 daemoniacis
1047 2169 1146 2242 XVl.

301 2424 384 2496 150.
416 2403 547 2477 Petrus
575 2402 622 2476 de
651 2402 848 2501 Fulgineo
879 2402 942 2500 qui
971 2403 1019 2475 ad
1044 2400 1269 2475 visitandum
1299 2403 1336 2476 li·

148 2539 184 2603 15
215 2512 315 2584 mina
348 2511 447 2583 beati
485 2510 680 2584 Michaelis
713 2510 878 2607 quodam
911 2525 1080 2606 tempore
1109 2511 1334 2608 properavit,

214 2644 299 2691 cum
329 2618 440 2691 fontis
460 2617 652 2690 cuiusdam
672 2642 807 2714 aquam
829 2632 1008 2714 gustaret,
1034 2615 1152 2688 visum
1181 2632 1239 2689 est
1267 2619 1335 2691 sibi

214 2727 420 2798 daemones
448 2723 649 2798 imbibisse.
721 2723 832 2796 Unde
860 2740 898 2796 et
927 2749 994 2820 per
1021 2739 1097 2795 tres
1125 2749 1244 2796 annos
1273 2727 1335 2798 ob·

214 2858 349 2916 sessus,
381 2833 664 2929 discerpebatur
683 2832 718 2903 in
740 2856 907 2927 corpore,
939 2830 1101 2927 pessima
1122 2829 1279 2927 loquens
1299 2850 1337 2905 et

214 2940 400 3012 horrenda
427 2940 689 3036 praetendens.
748 2938 933 3021 Tandem,
949 2963 1037 3011 mox
1057 2954 1096 3010 ut
1124 2940 1335 3035 sepulcrum

145 3072 185 3119 20
213 3046 314 3118 beati
343 3047 458 3143 patris
487 3072 596 3119 manu
628 3045 786 3143 contigit
805 3062 843 3118 et
870 3045 987 3117 sancti
1017 3044 1132 3142 patris
1161 3044 1335 3118 virtutem

214 3153 402 3226 humiliter
421 3153 616 3235 invocavit,
640 3179 662 3225 a
681 3153 928 3226 daemonibus
951 3178 1036 3225 eum
1057 3153 1257 3226 crudeliter
1284 3153 1336 3225 di·

213 3262 472 3357 scerpentibus
501 3259 653 3333 mirifice
681 3259 859 3333 liberatus
888 3260 963 3332 luit.

301 3388 382 3458 151.
414 3366 561 3440 Mulieri
591 3367 737 3439 cuidam
767 3368 815 3439 de
845 3367 993 3439 civitate
1023 3367 1152 3439 Narnii
1186 3368 1334 3439 daemo-

215 3474 314 3546 nium
349 3475 500 3547 habenti
537 3473 728 3571 praecepit
762 3473 797 3546 in
836 3474 977 3547 somnis
1006 3490 1045 3545 ut
1074 3473 1193 3546 crucis
1221 3499 1261 3546 se
1291 3476 1333 3546 si-

143 3610 182 3673 25
214 3581 375 3677 gnaculo
404 3580 654 3679 consignaret.
713 3581 822 3675 Quae
852 3607 935 3653 cum
965 3597 1091 3653 mente
1119 3581 1265 3677 perdita
1293 3606 1334 3653 se

214 3687 363 3783 signare
400 3687 548 3785 penitus
587 3689 787 3786 ignoraret,
819 3690 952 3761 beatus
985 3704 1091 3785 pater
1120 3688 1152 3761 ei
1183 3688 1331 3786 signum

214 3795 333 3867 crucis
370 3795 557 3892 impressit
593 3811 631 3867 et
668 3813 839 3868 cunctam
869 3796 916 3868 ab
945 3820 990 3867 ea
1019 3793 1231 3890 passionem
1261 3795 1335 3868 dia·

213 3901 372 3975 bolicam
401 3902 589 4000 effugavit.

299 4030 381 4101 152.
414 4010 453 4082 ln
483 4008 680 4093 Maritima,
701 4009 832 4081 mulier
860 4009 1056 4105 quaedam,
1087 4009 1222 4083 mentis
1250 4011 1335 4083 alie·

144 4143 185 4210 3⁰
214 4117 364 4189 natione
393 4142 460 4213 per
479 4115 772 4214 quinquennium
794 4140 914 4213 passa,
937 4114 1016 4187 visu
1047 4133 1084 4189 et
1112 4117 1240 4189 auditu
1265 4119 1334 4214 pri·

288 4388 548 4459 nFAdignaveris
622 4402 646 4442 2.
666 4390 810 4459 magnum]
834 4390 883 4443 ΡΑ
904 4390 1054 4443 maximum
1146 4395 1334 4464 2-3.proni·

216 4466 281 4537 mio]
303 4471 332 4522 lt
350 4469 459 4539 praevio
535 4484 573 4522 11.
594 4470 641 4522 ΡΑ
661 4468 763 4521 fluxum
