<?xml version="1.0" encoding="UTF-8"?>
<!DOCTYPE html PUBLIC "-//W3C//DTD XHTML 1.0 Transitional//EN"
    "http://www.w3.org/TR/xhtml1/DTD/xhtml1-transitional.dtd">
<html xmlns="http://www.w3.org/1999/xhtml" xml:lang="en" lang="en">
 <head>
  <title>
</title>
<meta http-equiv="Content-Type" content="text/html;charset=utf-8" />
  <meta name='ocr-system' content='tesseract 3.04.00' />
  <meta name='ocr-capabilities' content='ocr_page ocr_carea ocr_par ocr_line ocrx_word'/>
</head>
<body>
  <div class='ocr_page' id='page_1' title='image "./sfrancisciassis00dogoog_0471.png"; bbox 0 0 3142 4875; ppageno 0'>
   <div class='ocr_carea' id='block_1_1' title="bbox 599 335 1315 410">
    <p class='ocr_par' dir='ltr' id='par_1_1' title="bbox 599 335 1315 410">
     <span class='ocr_line' id='line_1_1' title="bbox 599 335 1315 410; baseline 0.021 -27"><span class='ocrx_word' id='word_1_1' title='bbox 599 336 703 384; x_wconf 75' lang='lat' dir='ltr'>saxu</span> <span class='ocrx_word' id='word_1_2' title='bbox 733 335 918 385; x_wconf 72' lang='lat' dir='ltr'>annuctsci</span> <span class='ocrx_word' id='word_1_3' title='bbox 1244 335 1315 410; x_wconf 78' lang='lat'>375</span> 
     </span>
    </p>
   </div>
   <div class='ocr_carea' id='block_1_2' title="bbox 126 568 1370 4510">
    <p class='ocr_par' dir='ltr' id='par_1_2' title="bbox 198 568 1319 985">
     <span class='ocr_line' id='line_1_2' title="bbox 282 568 1319 667; baseline 0.001 -27"><span class='ocrx_word' id='word_1_4' title='bbox 282 591 340 662; x_wconf 84' lang='lat'>51.</span> <span class='ocrx_word' id='word_1_5' title='bbox 374 570 413 641; x_wconf 92' lang='lat' dir='ltr'>ln</span> <span class='ocrx_word' id='word_1_6' title='bbox 443 569 632 665; x_wconf 88' lang='lat' dir='ltr'>provincia</span> <span class='ocrx_word' id='word_1_7' title='bbox 664 568 921 664; x_wconf 88' lang='lat' dir='ltr'>Capitanatae,</span> <span class='ocrx_word' id='word_1_8' title='bbox 954 570 1059 665; x_wconf 90' lang='lat' dir='ltr'>pueri</span> <span class='ocrx_word' id='word_1_9' title='bbox 1088 570 1241 667; x_wconf 91' lang='lat' dir='ltr'>quidam</span> <span class='ocrx_word' id='word_1_10' title='bbox 1272 572 1319 642; x_wconf 91' lang='lat' dir='ltr'>de</span> 
     </span>
     <span class='ocr_line' id='line_1_3' title="bbox 198 674 1316 773; baseline -0.001 -25"><span class='ocrx_word' id='word_1_11' title='bbox 198 678 320 773; x_wconf 89' lang='lat' dir='ltr'>burgo</span> <span class='ocrx_word' id='word_1_12' title='bbox 341 674 471 748; x_wconf 89' lang='lat' dir='ltr'>Celani</span> <span class='ocrx_word' id='word_1_13' title='bbox 491 677 538 748; x_wconf 92' lang='lat' dir='ltr'>ad</span> <span class='ocrx_word' id='word_1_14' title='bbox 559 677 694 748; x_wconf 88' lang='lat' dir='ltr'>herbas</span> <span class='ocrx_word' id='word_1_15' title='bbox 715 677 910 748; x_wconf 91' lang='lat' dir='ltr'>metendas</span> <span class='ocrx_word' id='word_1_16' title='bbox 938 677 1108 748; x_wconf 89' lang='lat' dir='ltr'>exierant</span> <span class='ocrx_word' id='word_1_17' title='bbox 1137 677 1316 750; x_wconf 83' lang='lat' dir='ltr'>sociatim.</span> 
     </span>
     <span class='ocr_line' id='line_1_4' title="bbox 199 781 1318 879; baseline 0.001 -24"><span class='ocrx_word' id='word_1_18' title='bbox 199 784 289 855; x_wconf 87' lang='lat' dir='ltr'>Erat</span> <span class='ocrx_word' id='word_1_19' title='bbox 319 781 354 855; x_wconf 92' lang='lat' dir='ltr'>in</span> <span class='ocrx_word' id='word_1_20' title='bbox 385 782 655 879; x_wconf 82' lang='lat' dir='ltr'>campestribus</span> <span class='ocrx_word' id='word_1_21' title='bbox 684 781 753 853; x_wconf 90' lang='lat' dir='ltr'>illis</span> <span class='ocrx_word' id='word_1_22' title='bbox 786 800 895 853; x_wconf 85' lang='lat' dir='ltr'>vetus</span> <span class='ocrx_word' id='word_1_23' title='bbox 939 800 1083 877; x_wconf 87' lang='lat' dir='ltr'>puteus,</span> <span class='ocrx_word' id='word_1_24' title='bbox 1127 784 1253 856; x_wconf 87' lang='lat' dir='ltr'>herbis</span> <span class='ocrx_word' id='word_1_25' title='bbox 1282 784 1318 856; x_wconf 87' lang='lat' dir='ltr'>in</span> 
     </span>
     <span class='ocr_line' id='line_1_5' title="bbox 199 889 1319 985; baseline -0.002 -23"><span class='ocrx_word' id='word_1_26' title='bbox 199 915 345 963; x_wconf 89' lang='lat' dir='ltr'>summo</span> <span class='ocrx_word' id='word_1_27' title='bbox 373 914 438 962; x_wconf 92' lang='lat' dir='ltr'>ore</span> <span class='ocrx_word' id='word_1_28' title='bbox 467 889 672 962; x_wconf 91' lang='lat' dir='ltr'>virentibus</span> <span class='ocrx_word' id='word_1_29' title='bbox 701 890 954 971; x_wconf 90' lang='lat' dir='ltr'>obumbratus,</span> <span class='ocrx_word' id='word_1_30' title='bbox 978 890 1039 985; x_wconf 90' lang='lat' dir='ltr'>qui</span> <span class='ocrx_word' id='word_1_31' title='bbox 1069 915 1250 985; x_wconf 91' lang='lat' dir='ltr'>aquarum</span> <span class='ocrx_word' id='word_1_32' title='bbox 1270 890 1319 963; x_wconf 89' lang='lat' dir='ltr'>al·</span> 
     </span>
    </p>

    <p class='ocr_par' dir='ltr' id='par_1_3' title="bbox 154 995 1319 1519">
     <span class='ocr_line' id='line_1_6' title="bbox 154 995 1318 1094; baseline -0.001 -26"><span class='ocrx_word' id='word_1_33' title='bbox 154 1025 166 1084; x_wconf 81' lang='lat'><em>5</em></span> <span class='ocrx_word' id='word_1_34' title='bbox 198 996 395 1069; x_wconf 85' lang='lat' dir='ltr'>titudinem</span> <span class='ocrx_word' id='word_1_35' title='bbox 425 1021 491 1093; x_wconf 90' lang='lat' dir='ltr'>per</span> <span class='ocrx_word' id='word_1_36' title='bbox 511 1022 643 1094; x_wconf 88' lang='lat' dir='ltr'>passus</span> <span class='ocrx_word' id='word_1_37' title='bbox 662 1012 824 1091; x_wconf 89' lang='lat' dir='ltr'>quatuor</span> <span class='ocrx_word' id='word_1_38' title='bbox 852 996 1077 1068; x_wconf 88' lang='lat' dir='ltr'>continebat.</span> <span class='ocrx_word' id='word_1_39' title='bbox 1137 995 1318 1069; x_wconf 87' lang='lat' dir='ltr'>Semotim</span> 
     </span>
     <span class='ocr_line' id='line_1_7' title="bbox 198 1101 1318 1201; baseline 0.001 -26"><span class='ocrx_word' id='word_1_40' title='bbox 198 1104 313 1201; x_wconf 88' lang='lat' dir='ltr'>igitur</span> <span class='ocrx_word' id='word_1_41' title='bbox 339 1101 632 1175; x_wconf 80' lang='lat' dir='ltr'>discurrentibus</span> <span class='ocrx_word' id='word_1_42' title='bbox 660 1103 794 1198; x_wconf 88' lang='lat' dir='ltr'>pueris,</span> <span class='ocrx_word' id='word_1_43' title='bbox 828 1128 923 1174; x_wconf 90' lang='lat' dir='ltr'>unus</span> <span class='ocrx_word' id='word_1_44' title='bbox 950 1129 997 1175; x_wconf 90' lang='lat' dir='ltr'>ex</span> <span class='ocrx_word' id='word_1_45' title='bbox 1027 1101 1228 1198; x_wconf 89' lang='lat' dir='ltr'>improviso</span> <span class='ocrx_word' id='word_1_46' title='bbox 1257 1104 1318 1176; x_wconf 90' lang='lat' dir='ltr'>de·</span> 
     </span>
     <span class='ocr_line' id='line_1_8' title="bbox 199 1208 1318 1307; baseline 0 -25"><span class='ocrx_word' id='word_1_47' title='bbox 199 1210 311 1282; x_wconf 89' lang='lat' dir='ltr'>currit</span> <span class='ocrx_word' id='word_1_48' title='bbox 340 1211 375 1282; x_wconf 89' lang='lat' dir='ltr'>in</span> <span class='ocrx_word' id='word_1_49' title='bbox 405 1226 570 1306; x_wconf 90' lang='lat' dir='ltr'>puteum.</span> <span class='ocrx_word' id='word_1_50' title='bbox 629 1208 768 1281; x_wconf 87' lang='lat' dir='ltr'>Verum</span> <span class='ocrx_word' id='word_1_51' title='bbox 785 1210 875 1281; x_wconf 93' lang='lat' dir='ltr'>dum</span> <span class='ocrx_word' id='word_1_52' title='bbox 892 1225 1067 1282; x_wconf 91' lang='lat' dir='ltr'>terrestre</span> <span class='ocrx_word' id='word_1_53' title='bbox 1083 1211 1318 1307; x_wconf 80' lang='lat' dir='ltr'>naufragium</span> 
     </span>
     <span class='ocr_line' id='line_1_9' title="bbox 199 1314 1319 1413; baseline 0.002 -26"><span class='ocrx_word' id='word_1_54' title='bbox 199 1318 347 1413; x_wconf 81' lang='lat' dir='ltr'>patitur,</span> <span class='ocrx_word' id='word_1_55' title='bbox 365 1317 526 1389; x_wconf 89' lang='lat' dir='ltr'>caeleste</span> <span class='ocrx_word' id='word_1_56' title='bbox 541 1314 757 1413; x_wconf 83' lang='lat' dir='ltr'>suffragium</span> <span class='ocrx_word' id='word_1_57' title='bbox 773 1316 1007 1411; x_wconf 87' lang='lat' dir='ltr'>deprecatur.</span> <span class='ocrx_word' id='word_1_58' title='bbox 1055 1317 1193 1389; x_wconf 84' lang='lat' dir='ltr'>Sancte</span> <span class='ocrx_word' id='word_1_59' title='bbox 1207 1319 1319 1390; x_wconf 87' lang='lat' dir='ltr'>Fran·</span> 
     </span>
     <span class='ocr_line' id='line_1_10' title="bbox 198 1421 1319 1519; baseline 0.002 -24"><span class='ocrx_word' id='word_1_60' title='bbox 198 1424 306 1508; x_wconf 89' lang='lat' dir='ltr'>cisce,</span> <span class='ocrx_word' id='word_1_61' title='bbox 338 1424 455 1519; x_wconf 93' lang='lat' dir='ltr'>inquit</span> <span class='ocrx_word' id='word_1_62' title='bbox 483 1424 572 1495; x_wconf 92' lang='lat' dir='ltr'>dum</span> <span class='ocrx_word' id='word_1_63' title='bbox 600 1421 745 1506; x_wconf 85' lang='lat' dir='ltr'>labitur,</span> <span class='ocrx_word' id='word_1_64' title='bbox 775 1423 912 1496; x_wconf 87' lang='lat' dir='ltr'>adiuva</span> <span class='ocrx_word' id='word_1_65' title='bbox 941 1448 1012 1500; x_wconf 91' lang='lat' dir='ltr'>me.</span> <span class='ocrx_word' id='word_1_66' title='bbox 1070 1424 1217 1497; x_wconf 86' lang='lat' dir='ltr'>Caeteri</span> <span class='ocrx_word' id='word_1_67' title='bbox 1248 1425 1319 1497; x_wconf 90' lang='lat' dir='ltr'>huc</span> 
     </span>
    </p>

    <p class='ocr_par' dir='ltr' id='par_1_4' title="bbox 129 1529 1319 2266">
     <span class='ocr_line' id='line_1_11' title="bbox 129 1529 1315 1627; baseline 0.001 -25"><span class='ocrx_word' id='word_1_68' title='bbox 129 1556 169 1602; x_wconf 92' lang='lat'>10</span> <span class='ocrx_word' id='word_1_69' title='bbox 198 1548 236 1602; x_wconf 91' lang='lat' dir='ltr'>et</span> <span class='ocrx_word' id='word_1_70' title='bbox 264 1529 347 1602; x_wconf 92' lang='lat' dir='ltr'>illuc</span> <span class='ocrx_word' id='word_1_71' title='bbox 376 1556 416 1603; x_wconf 92' lang='lat' dir='ltr'>se</span> <span class='ocrx_word' id='word_1_72' title='bbox 446 1545 644 1610; x_wconf 90' lang='lat' dir='ltr'>vertentes,</span> <span class='ocrx_word' id='word_1_73' title='bbox 675 1530 764 1602; x_wconf 91' lang='lat' dir='ltr'>dum</span> <span class='ocrx_word' id='word_1_74' title='bbox 784 1555 878 1626; x_wconf 91' lang='lat' dir='ltr'>puer</span> <span class='ocrx_word' id='word_1_75' title='bbox 896 1530 990 1602; x_wconf 89' lang='lat' dir='ltr'>alius</span> <span class='ocrx_word' id='word_1_76' title='bbox 1012 1556 1083 1603; x_wconf 93' lang='lat' dir='ltr'>non</span> <span class='ocrx_word' id='word_1_77' title='bbox 1113 1548 1315 1627; x_wconf 83' lang='lat' dir='ltr'>comparet,</span> 
     </span>
     <span class='ocr_line' id='line_1_12' title="bbox 198 1635 1318 1732; baseline 0.001 -23"><span class='ocrx_word' id='word_1_78' title='bbox 198 1636 370 1717; x_wconf 87' lang='lat' dir='ltr'>clamore,</span> <span class='ocrx_word' id='word_1_79' title='bbox 401 1636 553 1709; x_wconf 91' lang='lat' dir='ltr'>circuitu</span> <span class='ocrx_word' id='word_1_80' title='bbox 583 1652 620 1708; x_wconf 89' lang='lat' dir='ltr'>et</span> <span class='ocrx_word' id='word_1_81' title='bbox 649 1635 809 1708; x_wconf 89' lang='lat' dir='ltr'>lacrimis</span> <span class='ocrx_word' id='word_1_82' title='bbox 837 1637 1087 1732; x_wconf 88' lang='lat' dir='ltr'>requirebant.</span> <span class='ocrx_word' id='word_1_83' title='bbox 1145 1638 1318 1710; x_wconf 89' lang='lat' dir='ltr'>Tandem</span> 
     </span>
     <span class='ocr_line' id='line_1_13' title="bbox 197 1743 1319 1841; baseline 0.002 -26"><span class='ocrx_word' id='word_1_84' title='bbox 197 1745 245 1815; x_wconf 90' lang='lat' dir='ltr'>ad</span> <span class='ocrx_word' id='word_1_85' title='bbox 274 1768 317 1816; x_wconf 90' lang='lat' dir='ltr'>os</span> <span class='ocrx_word' id='word_1_86' title='bbox 346 1744 447 1839; x_wconf 90' lang='lat' dir='ltr'>putei</span> <span class='ocrx_word' id='word_1_87' title='bbox 476 1743 682 1827; x_wconf 89' lang='lat' dir='ltr'>venientes,</span> <span class='ocrx_word' id='word_1_88' title='bbox 715 1743 913 1815; x_wconf 87' lang='lat' dir='ltr'>herbarum</span> <span class='ocrx_word' id='word_1_89' title='bbox 944 1743 1105 1841; x_wconf 85' lang='lat' dir='ltr'>vestigio</span> <span class='ocrx_word' id='word_1_90' title='bbox 1148 1770 1188 1816; x_wconf 90' lang='lat' dir='ltr'>se</span> <span class='ocrx_word' id='word_1_91' title='bbox 1231 1763 1319 1817; x_wconf 91' lang='lat' dir='ltr'>tunc</span> 
     </span>
     <span class='ocr_line' id='line_1_14' title="bbox 198 1849 1316 1948; baseline 0.006 -27"><span class='ocrx_word' id='word_1_92' title='bbox 198 1850 421 1948; x_wconf 86' lang='lat' dir='ltr'>erigentium</span> <span class='ocrx_word' id='word_1_93' title='bbox 452 1867 688 1948; x_wconf 90' lang='lat' dir='ltr'>cognoscunt</span> <span class='ocrx_word' id='word_1_94' title='bbox 717 1849 813 1921; x_wconf 88' lang='lat' dir='ltr'>intro</span> <span class='ocrx_word' id='word_1_95' title='bbox 842 1875 999 1946; x_wconf 87' lang='lat' dir='ltr'>puerum</span> <span class='ocrx_word' id='word_1_96' title='bbox 1043 1851 1121 1923; x_wconf 84' lang='lat' dir='ltr'>lore</span> <span class='ocrx_word' id='word_1_97' title='bbox 1160 1851 1316 1948; x_wconf 88' lang='lat' dir='ltr'>lapsum.</span> 
     </span>
     <span class='ocr_line' id='line_1_15' title="bbox 198 1957 1319 2055; baseline 0 -26"><span class='ocrx_word' id='word_1_98' title='bbox 198 1958 393 2030; x_wconf 84' lang='lat' dir='ltr'>Festinant</span> <span class='ocrx_word' id='word_1_99' title='bbox 412 1974 610 2055; x_wconf 87' lang='lat' dir='ltr'>gementes</span> <span class='ocrx_word' id='word_1_100' title='bbox 629 1957 676 2029; x_wconf 92' lang='lat' dir='ltr'>ad</span> <span class='ocrx_word' id='word_1_101' title='bbox 706 1957 879 2053; x_wconf 89' lang='lat' dir='ltr'>burgum,</span> <span class='ocrx_word' id='word_1_102' title='bbox 912 1975 1106 2029; x_wconf 91' lang='lat' dir='ltr'>assumunt</span> <span class='ocrx_word' id='word_1_103' title='bbox 1127 1958 1319 2029; x_wconf 87' lang='lat' dir='ltr'>hominum</span> 
     </span>
     <span class='ocr_line' id='line_1_16' title="bbox 129 2063 1316 2162; baseline 0.003 -30"><span class='ocrx_word' id='word_1_104' title='bbox 129 2086 165 2149; x_wconf 88' lang='lat'>15</span> <span class='ocrx_word' id='word_1_105' title='bbox 197 2065 354 2145; x_wconf 89' lang='lat' dir='ltr'>turbam,</span> <span class='ocrx_word' id='word_1_106' title='bbox 397 2066 556 2137; x_wconf 89' lang='lat' dir='ltr'>redeunt</span> <span class='ocrx_word' id='word_1_107' title='bbox 592 2064 641 2135; x_wconf 90' lang='lat' dir='ltr'>ad</span> <span class='ocrx_word' id='word_1_108' title='bbox 679 2063 845 2135; x_wconf 91' lang='lat' dir='ltr'>omnium</span> <span class='ocrx_word' id='word_1_109' title='bbox 887 2063 1023 2136; x_wconf 91' lang='lat' dir='ltr'>iudicio</span> <span class='ocrx_word' id='word_1_110' title='bbox 1064 2065 1316 2162; x_wconf 88' lang='lat' dir='ltr'>desperatum.</span> 
     </span>
     <span class='ocr_line' id='line_1_17' title="bbox 198 2169 1319 2266; baseline 0.001 -24"><span class='ocrx_word' id='word_1_111' title='bbox 198 2170 417 2243; x_wconf 88' lang='lat' dir='ltr'>Demittitur</span> <span class='ocrx_word' id='word_1_112' title='bbox 458 2196 558 2243; x_wconf 92' lang='lat' dir='ltr'>unus</span> <span class='ocrx_word' id='word_1_113' title='bbox 599 2196 667 2266; x_wconf 92' lang='lat' dir='ltr'>per</span> <span class='ocrx_word' id='word_1_114' title='bbox 714 2169 838 2242; x_wconf 87' lang='lat' dir='ltr'>sunem</span> <span class='ocrx_word' id='word_1_115' title='bbox 873 2170 908 2241; x_wconf 88' lang='lat' dir='ltr'>in</span> <span class='ocrx_word' id='word_1_116' title='bbox 953 2186 1117 2266; x_wconf 88' lang='lat' dir='ltr'>puteum,</span> <span class='ocrx_word' id='word_1_117' title='bbox 1150 2188 1188 2242; x_wconf 90' lang='lat' dir='ltr'>et</span> <span class='ocrx_word' id='word_1_118' title='bbox 1230 2196 1319 2243; x_wconf 90' lang='lat' dir='ltr'>ecce</span> 
     </span>
    </p>

    <p class='ocr_par' dir='ltr' id='par_1_5' title="bbox 146 2276 1319 2587">
     <span class='ocr_line' id='line_1_18' title="bbox 146 2276 1319 2374; baseline 0 -26"><span class='ocrx_word' id='word_1_119' title='bbox 146 2305 149 2312; x_wconf 90' lang='lat'>·</span> <span class='ocrx_word' id='word_1_120' title='bbox 198 2303 353 2374; x_wconf 89' lang='lat' dir='ltr'>puerum</span> <span class='ocrx_word' id='word_1_121' title='bbox 375 2278 525 2374; x_wconf 86' lang='lat' dir='ltr'>respicit</span> <span class='ocrx_word' id='word_1_122' title='bbox 544 2302 724 2372; x_wconf 87' lang='lat' dir='ltr'>aquarum</span> <span class='ocrx_word' id='word_1_123' title='bbox 748 2276 947 2372; x_wconf 86' lang='lat' dir='ltr'>superficie</span> <span class='ocrx_word' id='word_1_124' title='bbox 968 2278 1205 2358; x_wconf 89' lang='lat' dir='ltr'>residentem,</span> <span class='ocrx_word' id='word_1_125' title='bbox 1230 2276 1319 2349; x_wconf 90' lang='lat' dir='ltr'>nihil</span> 
     </span>
     <span class='ocr_line' id='line_1_19' title="bbox 198 2382 1318 2481; baseline -0.001 -24"><span class='ocrx_word' id='word_1_126' title='bbox 198 2409 350 2481; x_wconf 88' lang='lat' dir='ltr'>passum</span> <span class='ocrx_word' id='word_1_127' title='bbox 371 2382 519 2480; x_wconf 88' lang='lat' dir='ltr'>penitus</span> <span class='ocrx_word' id='word_1_128' title='bbox 547 2383 735 2461; x_wconf 87' lang='lat' dir='ltr'>laesionis.</span> <span class='ocrx_word' id='word_1_129' title='bbox 794 2382 996 2457; x_wconf 84' lang='lat' dir='ltr'>Extractus</span> <span class='ocrx_word' id='word_1_130' title='bbox 1027 2409 1115 2457; x_wconf 89' lang='lat' dir='ltr'>vero</span> <span class='ocrx_word' id='word_1_131' title='bbox 1135 2386 1183 2457; x_wconf 91' lang='lat' dir='ltr'>de</span> <span class='ocrx_word' id='word_1_132' title='bbox 1203 2403 1318 2481; x_wconf 91' lang='lat' dir='ltr'>puteo</span> 
     </span>
     <span class='ocr_line' id='line_1_20' title="bbox 198 2491 1318 2587; baseline 0.001 -24"><span class='ocrx_word' id='word_1_133' title='bbox 198 2516 300 2587; x_wconf 88' lang='lat' dir='ltr'>puer,</span> <span class='ocrx_word' id='word_1_134' title='bbox 333 2492 425 2565; x_wconf 89' lang='lat' dir='ltr'>dixit</span> <span class='ocrx_word' id='word_1_135' title='bbox 457 2491 630 2563; x_wconf 90' lang='lat' dir='ltr'>omnibus</span> <span class='ocrx_word' id='word_1_136' title='bbox 667 2491 729 2587; x_wconf 93' lang='lat' dir='ltr'>qui</span> <span class='ocrx_word' id='word_1_137' title='bbox 764 2509 1035 2564; x_wconf 89' lang='lat' dir='ltr'>convenerant:</span> <span class='ocrx_word' id='word_1_138' title='bbox 1068 2492 1232 2586; x_wconf 83' lang='lat' dir='ltr'>Quando</span> <span class='ocrx_word' id='word_1_139' title='bbox 1260 2517 1318 2564; x_wconf 91' lang='lat' dir='ltr'>su·</span> 
     </span>
    </p>

    <p class='ocr_par' dir='ltr' id='par_1_6' title="bbox 126 2597 1370 3015">
     <span class='ocr_line' id='line_1_21' title="bbox 126 2597 1316 2694; baseline 0.003 -27"><span class='ocrx_word' id='word_1_140' title='bbox 126 2620 169 2668; x_wconf 88' lang='lat'>20</span> <span class='ocrx_word' id='word_1_141' title='bbox 198 2599 276 2669; x_wconf 93' lang='lat' dir='ltr'>bito</span> <span class='ocrx_word' id='word_1_142' title='bbox 320 2597 447 2681; x_wconf 87' lang='lat' dir='ltr'>cecidi,</span> <span class='ocrx_word' id='word_1_143' title='bbox 484 2598 583 2670; x_wconf 90' lang='lat' dir='ltr'>beati</span> <span class='ocrx_word' id='word_1_144' title='bbox 622 2597 809 2670; x_wconf 87' lang='lat' dir='ltr'>Francisci</span> <span class='ocrx_word' id='word_1_145' title='bbox 849 2598 1095 2694; x_wconf 88' lang='lat' dir='ltr'>patrocinium</span> <span class='ocrx_word' id='word_1_146' title='bbox 1135 2597 1316 2683; x_wconf 89' lang='lat' dir='ltr'>invocavi,</span> 
     </span>
     <span class='ocr_line' id='line_1_22' title="bbox 198 2703 1370 2800; baseline 0.003 -24"><span class='ocrx_word' id='word_1_147' title='bbox 198 2703 259 2800; x_wconf 91' lang='lat' dir='ltr'>qui</span> <span class='ocrx_word' id='word_1_148' title='bbox 289 2705 474 2777; x_wconf 90' lang='lat' dir='ltr'>corruenti</span> <span class='ocrx_word' id='word_1_149' title='bbox 505 2704 593 2776; x_wconf 90' lang='lat' dir='ltr'>mihi</span> <span class='ocrx_word' id='word_1_150' title='bbox 623 2705 746 2777; x_wconf 88' lang='lat' dir='ltr'>statim</span> <span class='ocrx_word' id='word_1_151' title='bbox 778 2704 1073 2800; x_wconf 88' lang='lat' dir='ltr'>praesentialiter</span> <span class='ocrx_word' id='word_1_152' title='bbox 1112 2706 1239 2786; x_wconf 84' lang='lat' dir='ltr'>adluit,</span> <span class='ocrx_word' id='word_1_153' title='bbox 1282 2722 1319 2779; x_wconf 92' lang='lat' dir='ltr'>et</span> <span class='ocrx_word' id='word_1_154' title='bbox 1368 2748 1370 2751; x_wconf 96' lang='lat'>·</span> 
     </span>
     <span class='ocr_line' id='line_1_23' title="bbox 198 2811 1318 2909; baseline 0.001 -26"><span class='ocrx_word' id='word_1_155' title='bbox 198 2838 348 2884; x_wconf 87' lang='lat' dir='ltr'>manum</span> <span class='ocrx_word' id='word_1_156' title='bbox 378 2812 575 2909; x_wconf 88' lang='lat' dir='ltr'>porrigens</span> <span class='ocrx_word' id='word_1_157' title='bbox 604 2811 735 2883; x_wconf 90' lang='lat' dir='ltr'>leniter</span> <span class='ocrx_word' id='word_1_158' title='bbox 763 2812 1021 2907; x_wconf 88' lang='lat' dir='ltr'>apprehendit,</span> <span class='ocrx_word' id='word_1_159' title='bbox 1056 2838 1123 2884; x_wconf 93' lang='lat' dir='ltr'>nec</span> <span class='ocrx_word' id='word_1_160' title='bbox 1153 2838 1318 2909; x_wconf 88' lang='lat' dir='ltr'>unquam</span> 
     </span>
     <span class='ocr_line' id='line_1_24' title="bbox 197 2918 1264 3015; baseline 0 -24"><span class='ocrx_word' id='word_1_161' title='bbox 197 2920 370 2999; x_wconf 84' lang='lat' dir='ltr'>deseruit,</span> <span class='ocrx_word' id='word_1_162' title='bbox 394 2920 516 2991; x_wconf 93' lang='lat' dir='ltr'>donec</span> <span class='ocrx_word' id='word_1_163' title='bbox 536 2944 609 2990; x_wconf 90' lang='lat' dir='ltr'>una</span> <span class='ocrx_word' id='word_1_164' title='bbox 628 2918 821 2991; x_wconf 87' lang='lat' dir='ltr'>vobiscum</span> <span class='ocrx_word' id='word_1_165' title='bbox 841 2919 888 2990; x_wconf 92' lang='lat' dir='ltr'>de</span> <span class='ocrx_word' id='word_1_166' title='bbox 909 2935 1022 3015; x_wconf 90' lang='lat' dir='ltr'>puteo</span> <span class='ocrx_word' id='word_1_167' title='bbox 1044 2945 1102 2992; x_wconf 91' lang='lat' dir='ltr'>me</span> <span class='ocrx_word' id='word_1_168' title='bbox 1123 2920 1264 2998; x_wconf 84' lang='lat' dir='ltr'>eduxit.</span> 
     </span>
    </p>

    <p class='ocr_par' dir='ltr' id='par_1_7' title="bbox 281 3026 1319 3125">
     <span class='ocr_line' id='line_1_25' title="bbox 281 3026 1319 3125; baseline 0.003 -30"><span class='ocrx_word' id='word_1_169' title='bbox 281 3047 340 3116; x_wconf 84' lang='lat'>52.</span> <span class='ocrx_word' id='word_1_170' title='bbox 372 3026 570 3099; x_wconf 84' lang='lat' dir='ltr'>Cessatum</span> <span class='ocrx_word' id='word_1_171' title='bbox 601 3043 680 3097; x_wconf 87' lang='lat' dir='ltr'>erat</span> <span class='ocrx_word' id='word_1_172' title='bbox 707 3051 730 3098; x_wconf 90' lang='lat' dir='ltr'>a</span> <span class='ocrx_word' id='word_1_173' title='bbox 759 3050 847 3097; x_wconf 91' lang='lat' dir='ltr'>cura</span> <span class='ocrx_word' id='word_1_174' title='bbox 876 3026 1068 3125; x_wconf 89' lang='lat' dir='ltr'>cuiusdam</span> <span class='ocrx_word' id='word_1_175' title='bbox 1096 3027 1242 3122; x_wconf 89' lang='lat' dir='ltr'>puellae</span> <span class='ocrx_word' id='word_1_176' title='bbox 1270 3027 1319 3098; x_wconf 93' lang='lat' dir='ltr'>de</span> 
     </span>
    </p>

    <p class='ocr_par' dir='ltr' id='par_1_8' title="bbox 127 3132 1319 3655">
     <span class='ocr_line' id='line_1_26' title="bbox 127 3132 1318 3229; baseline 0.002 -27"><span class='ocrx_word' id='word_1_177' title='bbox 127 3156 167 3221; x_wconf 85' lang='lat'>25</span> <span class='ocrx_word' id='word_1_178' title='bbox 198 3133 366 3215; x_wconf 79' lang='lat' dir='ltr'>Ancona,</span> <span class='ocrx_word' id='word_1_179' title='bbox 390 3133 489 3205; x_wconf 93' lang='lat' dir='ltr'>letali</span> <span class='ocrx_word' id='word_1_180' title='bbox 509 3132 743 3229; x_wconf 88' lang='lat' dir='ltr'>aegritudine</span> <span class='ocrx_word' id='word_1_181' title='bbox 764 3133 954 3229; x_wconf 80' lang='lat' dir='ltr'>fatigatae.</span> <span class='ocrx_word' id='word_1_182' title='bbox 1004 3133 1079 3205; x_wconf 92' lang='lat' dir='ltr'>lam</span> <span class='ocrx_word' id='word_1_183' title='bbox 1101 3132 1250 3229; x_wconf 89' lang='lat' dir='ltr'>iamque</span> <span class='ocrx_word' id='word_1_184' title='bbox 1271 3134 1318 3206; x_wconf 91' lang='lat' dir='ltr'>ad</span> 
     </span>
     <span class='ocr_line' id='line_1_27' title="bbox 198 3236 1319 3335; baseline 0.002 -26"><span class='ocrx_word' id='word_1_185' title='bbox 198 3236 278 3310; x_wconf 91' lang='lat' dir='ltr'>eius</span> <span class='ocrx_word' id='word_1_186' title='bbox 307 3238 502 3312; x_wconf 90' lang='lat' dir='ltr'>transitum</span> <span class='ocrx_word' id='word_1_187' title='bbox 532 3263 704 3335; x_wconf 91' lang='lat' dir='ltr'>quaeque</span> <span class='ocrx_word' id='word_1_188' title='bbox 725 3240 877 3311; x_wconf 88' lang='lat' dir='ltr'>lunerea</span> <span class='ocrx_word' id='word_1_189' title='bbox 900 3239 1137 3335; x_wconf 88' lang='lat' dir='ltr'>parabantur.</span> <span class='ocrx_word' id='word_1_190' title='bbox 1196 3241 1319 3311; x_wconf 83' lang='lat' dir='ltr'>Adest</span> 
     </span>
     <span class='ocr_line' id='line_1_28' title="bbox 198 3345 1317 3442; baseline 0 -26"><span class='ocrx_word' id='word_1_191' title='bbox 198 3347 229 3416; x_wconf 89' lang='lat' dir='ltr'>ei</span> <span class='ocrx_word' id='word_1_192' title='bbox 260 3346 393 3417; x_wconf 88' lang='lat' dir='ltr'>beatus</span> <span class='ocrx_word' id='word_1_193' title='bbox 422 3345 643 3418; x_wconf 90' lang='lat' dir='ltr'>Franciscus</span> <span class='ocrx_word' id='word_1_194' title='bbox 673 3346 745 3417; x_wconf 93' lang='lat' dir='ltr'>iam</span> <span class='ocrx_word' id='word_1_195' title='bbox 780 3347 815 3417; x_wconf 92' lang='lat' dir='ltr'>in</span> <span class='ocrx_word' id='word_1_196' title='bbox 855 3346 984 3417; x_wconf 92' lang='lat' dir='ltr'>ultimo</span> <span class='ocrx_word' id='word_1_197' title='bbox 1026 3347 1156 3442; x_wconf 91' lang='lat' dir='ltr'>spiritu</span> <span class='ocrx_word' id='word_1_198' title='bbox 1186 3346 1317 3418; x_wconf 89' lang='lat' dir='ltr'>consti-</span> 
     </span>
     <span class='ocr_line' id='line_1_29' title="bbox 199 3450 1319 3548; baseline 0.004 -27"><span class='ocrx_word' id='word_1_199' title='bbox 199 3467 310 3524; x_wconf 87' lang='lat' dir='ltr'>tutae.</span> <span class='ocrx_word' id='word_1_200' title='bbox 342 3452 471 3524; x_wconf 90' lang='lat' dir='ltr'>dicens</span> <span class='ocrx_word' id='word_1_201' title='bbox 500 3450 553 3524; x_wconf 90' lang='lat' dir='ltr'>ei:</span> <span class='ocrx_word' id='word_1_202' title='bbox 586 3451 755 3531; x_wconf 87' lang='lat' dir='ltr'>Confide,</span> <span class='ocrx_word' id='word_1_203' title='bbox 787 3451 871 3535; x_wconf 83' lang='lat' dir='ltr'>filia,</span> <span class='ocrx_word' id='word_1_204' title='bbox 908 3452 995 3548; x_wconf 91' lang='lat' dir='ltr'>quia</span> <span class='ocrx_word' id='word_1_205' title='bbox 1026 3455 1096 3524; x_wconf 89' lang='lat' dir='ltr'>mei</span> <span class='ocrx_word' id='word_1_206' title='bbox 1126 3453 1247 3548; x_wconf 87' lang='lat' dir='ltr'>gratia</span> <span class='ocrx_word' id='word_1_207' title='bbox 1277 3478 1319 3525; x_wconf 91' lang='lat' dir='ltr'>es</span> 
     </span>
     <span class='ocr_line' id='line_1_30' title="bbox 198 3557 1319 3655; baseline 0 -26"><span class='ocrx_word' id='word_1_208' title='bbox 198 3558 346 3653; x_wconf 87' lang='lat' dir='ltr'>penitus</span> <span class='ocrx_word' id='word_1_209' title='bbox 375 3557 538 3632; x_wconf 89' lang='lat' dir='ltr'>liberata.</span> <span class='ocrx_word' id='word_1_210' title='bbox 598 3558 646 3630; x_wconf 90' lang='lat' dir='ltr'>Et</span> <span class='ocrx_word' id='word_1_211' title='bbox 674 3560 769 3632; x_wconf 88' lang='lat' dir='ltr'>hanc</span> <span class='ocrx_word' id='word_1_212' title='bbox 798 3584 910 3655; x_wconf 88' lang='lat' dir='ltr'>quarn</span> <span class='ocrx_word' id='word_1_213' title='bbox 933 3559 1004 3630; x_wconf 92' lang='lat' dir='ltr'>tibi</span> <span class='ocrx_word' id='word_1_214' title='bbox 1035 3561 1191 3631; x_wconf 90' lang='lat' dir='ltr'>restituo</span> <span class='ocrx_word' id='word_1_215' title='bbox 1220 3560 1319 3630; x_wconf 93' lang='lat' dir='ltr'>sani-</span> 
     </span>
    </p>

    <p class='ocr_par' dir='ltr' id='par_1_9' title="bbox 129 3665 1319 4186">
     <span class='ocr_line' id='line_1_31' title="bbox 129 3665 1317 3761; baseline 0.002 -27"><span class='ocrx_word' id='word_1_216' title='bbox 129 3687 169 3753; x_wconf 83' lang='lat'>30</span> <span class='ocrx_word' id='word_1_217' title='bbox 198 3680 324 3749; x_wconf 89' lang='lat' dir='ltr'>tatem,</span> <span class='ocrx_word' id='word_1_218' title='bbox 358 3666 493 3738; x_wconf 90' lang='lat' dir='ltr'>nemini</span> <span class='ocrx_word' id='word_1_219' title='bbox 523 3666 662 3737; x_wconf 88' lang='lat' dir='ltr'>dixeris</span> <span class='ocrx_word' id='word_1_220' title='bbox 677 3691 796 3761; x_wconf 92' lang='lat' dir='ltr'>usque</span> <span class='ocrx_word' id='word_1_221' title='bbox 812 3690 907 3737; x_wconf 85' lang='lat' dir='ltr'>seru.</span> <span class='ocrx_word' id='word_1_222' title='bbox 967 3665 1062 3737; x_wconf 88' lang='lat' dir='ltr'>Cum</span> <span class='ocrx_word' id='word_1_223' title='bbox 1079 3691 1163 3737; x_wconf 91' lang='lat' dir='ltr'>sero</span> <span class='ocrx_word' id='word_1_224' title='bbox 1179 3666 1317 3737; x_wconf 87' lang='lat' dir='ltr'>lactum</span> 
     </span>
     <span class='ocr_line' id='line_1_32' title="bbox 198 3772 1319 3869; baseline 0.002 -28"><span class='ocrx_word' id='word_1_225' title='bbox 198 3788 307 3853; x_wconf 89' lang='lat' dir='ltr'>esset,</span> <span class='ocrx_word' id='word_1_226' title='bbox 339 3772 459 3844; x_wconf 87' lang='lat' dir='ltr'>erexit</span> <span class='ocrx_word' id='word_1_227' title='bbox 488 3799 528 3844; x_wconf 91' lang='lat' dir='ltr'>se</span> <span class='ocrx_word' id='word_1_228' title='bbox 557 3773 679 3844; x_wconf 89' lang='lat' dir='ltr'>subito</span> <span class='ocrx_word' id='word_1_229' title='bbox 708 3772 988 3868; x_wconf 89' lang='lat' dir='ltr'>superlectum,</span> <span class='ocrx_word' id='word_1_230' title='bbox 1015 3772 1252 3869; x_wconf 88' lang='lat' dir='ltr'>stupentibus</span> <span class='ocrx_word' id='word_1_231' title='bbox 1281 3788 1319 3843; x_wconf 91' lang='lat' dir='ltr'>et</span> 
     </span>
     <span class='ocr_line' id='line_1_33' title="bbox 198 3878 1319 3975; baseline 0.001 -26"><span class='ocrx_word' id='word_1_232' title='bbox 198 3878 427 3975; x_wconf 82' lang='lat' dir='ltr'>fugientibus</span> <span class='ocrx_word' id='word_1_233' title='bbox 469 3880 529 3975; x_wconf 95' lang='lat' dir='ltr'>qui</span> <span class='ocrx_word' id='word_1_234' title='bbox 573 3878 782 3951; x_wconf 84' lang='lat' dir='ltr'>adstabant.</span> <span class='ocrx_word' id='word_1_235' title='bbox 843 3879 1058 3951; x_wconf 88' lang='lat' dir='ltr'>Credebant</span> <span class='ocrx_word' id='word_1_236' title='bbox 1094 3878 1319 3975; x_wconf 85' lang='lat' dir='ltr'>exspirantis</span> 
     </span>
     <span class='ocr_line' id='line_1_34' title="bbox 198 3985 1319 4080; baseline 0.004 -25"><span class='ocrx_word' id='word_1_237' title='bbox 198 4010 333 4080; x_wconf 90' lang='lat' dir='ltr'>corpus</span> <span class='ocrx_word' id='word_1_238' title='bbox 348 3985 527 4058; x_wconf 90' lang='lat' dir='ltr'>invasisse</span> <span class='ocrx_word' id='word_1_239' title='bbox 548 3987 799 4069; x_wconf 88' lang='lat' dir='ltr'>daemonium,</span> <span class='ocrx_word' id='word_1_240' title='bbox 821 4008 859 4058; x_wconf 91' lang='lat' dir='ltr'>et</span> <span class='ocrx_word' id='word_1_241' title='bbox 879 3986 1079 4057; x_wconf 89' lang='lat' dir='ltr'>recedente</span> <span class='ocrx_word' id='word_1_242' title='bbox 1100 3986 1172 4056; x_wconf 88' lang='lat' dir='ltr'>iam</span> <span class='ocrx_word' id='word_1_243' title='bbox 1193 3985 1319 4059; x_wconf 88' lang='lat' dir='ltr'>anima</span> 
     </span>
     <span class='ocr_line' id='line_1_35' title="bbox 198 4092 1317 4186; baseline 0.001 -24"><span class='ocrx_word' id='word_1_244' title='bbox 198 4117 352 4186; x_wconf 85' lang='lat' dir='ltr'>pravum</span> <span class='ocrx_word' id='word_1_245' title='bbox 372 4094 553 4165; x_wconf 89' lang='lat' dir='ltr'>accedere</span> <span class='ocrx_word' id='word_1_246' title='bbox 573 4118 841 4165; x_wconf 88' lang='lat' dir='ltr'>successorem.</span> <span class='ocrx_word' id='word_1_247' title='bbox 898 4092 1026 4164; x_wconf 82' lang='lat' dir='ltr'>Audet</span> <span class='ocrx_word' id='word_1_248' title='bbox 1047 4109 1166 4166; x_wconf 88' lang='lat' dir='ltr'>mater</span> <span class='ocrx_word' id='word_1_249' title='bbox 1193 4118 1317 4165; x_wconf 90' lang='lat' dir='ltr'>accur-</span> 
     </span>
    </p>

    <p class='ocr_par' dir='ltr' id='par_1_10' title="bbox 132 4199 1318 4510">
     <span class='ocr_line' id='line_1_36' title="bbox 132 4199 1315 4296; baseline 0.003 -28"><span class='ocrx_word' id='word_1_250' title='bbox 132 4224 165 4287; x_wconf 81' lang='lat'>35</span> <span class='ocrx_word' id='word_1_251' title='bbox 198 4223 279 4271; x_wconf 90' lang='lat' dir='ltr'>rere</span> <span class='ocrx_word' id='word_1_252' title='bbox 309 4199 470 4294; x_wconf 90' lang='lat' dir='ltr'>propius,</span> <span class='ocrx_word' id='word_1_253' title='bbox 502 4216 540 4273; x_wconf 90' lang='lat' dir='ltr'>et</span> <span class='ocrx_word' id='word_1_254' title='bbox 569 4216 699 4271; x_wconf 88' lang='lat' dir='ltr'>contra</span> <span class='ocrx_word' id='word_1_255' title='bbox 736 4199 985 4281; x_wconf 85' lang='lat' dir='ltr'>daemonium,</span> <span class='ocrx_word' id='word_1_256' title='bbox 1019 4200 1120 4296; x_wconf 92' lang='lat' dir='ltr'>quod</span> <span class='ocrx_word' id='word_1_257' title='bbox 1150 4201 1315 4296; x_wconf 91' lang='lat' dir='ltr'>putabat,</span> 
     </span>
     <span class='ocr_line' id='line_1_37' title="bbox 198 4305 1317 4402; baseline 0.002 -27"><span class='ocrx_word' id='word_1_258' title='bbox 198 4305 472 4379; x_wconf 90' lang='lat' dir='ltr'>coniurationes</span> <span class='ocrx_word' id='word_1_259' title='bbox 502 4307 759 4402; x_wconf 88' lang='lat' dir='ltr'>multiplicans,</span> <span class='ocrx_word' id='word_1_260' title='bbox 793 4306 919 4378; x_wconf 89' lang='lat' dir='ltr'>nititur</span> <span class='ocrx_word' id='word_1_261' title='bbox 939 4331 1022 4377; x_wconf 89' lang='lat' dir='ltr'>eam</span> <span class='ocrx_word' id='word_1_262' title='bbox 1044 4307 1079 4378; x_wconf 94' lang='lat' dir='ltr'>in</span> <span class='ocrx_word' id='word_1_263' title='bbox 1101 4306 1236 4379; x_wconf 89' lang='lat' dir='ltr'>lectulo</span> <span class='ocrx_word' id='word_1_264' title='bbox 1266 4332 1317 4377; x_wconf 91' lang='lat' dir='ltr'>re-</span> 
     </span>
     <span class='ocr_line' id='line_1_38' title="bbox 198 4412 1318 4510; baseline 0.002 -28"><span class='ocrx_word' id='word_1_265' title='bbox 198 4412 344 4483; x_wconf 91' lang='lat' dir='ltr'>clinare.</span> <span class='ocrx_word' id='word_1_266' title='bbox 405 4412 473 4484; x_wconf 92' lang='lat' dir='ltr'>Cui</span> <span class='ocrx_word' id='word_1_267' title='bbox 504 4413 595 4485; x_wconf 87' lang='lat' dir='ltr'>lilia:</span> <span class='ocrx_word' id='word_1_268' title='bbox 632 4414 699 4495; x_wconf 89' lang='lat' dir='ltr'>Ne,</span> <span class='ocrx_word' id='word_1_269' title='bbox 733 4438 884 4509; x_wconf 90' lang='lat' dir='ltr'>quaes0,</span> <span class='ocrx_word' id='word_1_270' title='bbox 917 4432 1045 4487; x_wconf 90' lang='lat' dir='ltr'>mater.</span> <span class='ocrx_word' id='word_1_271' title='bbox 1084 4431 1193 4510; x_wconf 89' lang='lat' dir='ltr'>putes</span> <span class='ocrx_word' id='word_1_272' title='bbox 1236 4440 1318 4485; x_wconf 90' lang='lat' dir='ltr'>esse</span> 
     </span>
    </p>
   </div>
   <div class='ocr_carea' id='block_1_3' title="bbox 0 0 1578 4875">
    <p class='ocr_par' dir='ltr' id='par_1_11' title="bbox 0 0 1578 4875">
     <span class='ocr_line' id='line_1_39' title="bbox 0 0 1578 4875; baseline 0 0"><span class='ocrx_word' id='word_1_273' title='bbox 0 0 1578 4875; x_wconf 95' lang='lat' dir='ltr'> </span> 
     </span>
    </p>
   </div>
  </div>
 </body>
</html>
