3142 4875
625 360 729 409 annm
757 359 942 409 ruxncrscr
1267 354 1341 427 327

224 472 454 480 .——-——...-..
675 471 754 478 --.

303 693 370 765 De
400 689 776 766 infirmitatibus
804 691 961 764 sancti
993 691 1260 764 Francisci.

372 864 576 981 [Quomodo
602 874 760 947 contulit
784 898 868 946 cum
895 874 1052 970 quodam
1067 874 1201 969 fratre

435 982 478 1053 do
505 981 747 1054 subveniendo
773 971 947 1086 corpori}
1007 979 1122 1053 CLX.
1227 983 1229 989 ⁸

245 1238 248 1244 -
307 1207 393 1257 210.
425 1185 495 1257 Per
523 1185 671 1258 labores
698 1182 913 1258 innumeros
941 1200 980 1257 et
1007 1183 1264 1282 aegritudines
1283 1210 1345 1258 va·

174 1319 191 1384 5
223 1290 317 1365 lidas
345 1292 380 1365 in
410 1291 552 1365 semitis
588 1290 726 1364 Christi
755 1290 916 1388 vestigia
943 1291 1069 1388 posuit
1103 1316 1241 1389 praeco
1269 1291 1344 1364 Dei

223 1399 454 1482 Franciscus,
478 1423 547 1471 nec
566 1399 702 1495 pedem
722 1399 888 1481 retraxit,
910 1399 1031 1471 donec
1051 1400 1152 1494 quod
1179 1397 1344 1494 perfecte

223 1507 347 1604 coepit
374 1505 574 1604 perfectius
603 1506 889 1582 consummavit.
945 1506 1042 1578 Nam
1072 1531 1157 1577 cum
1185 1506 1345 1578 lassatus

222 1629 323 1687 esset
345 1630 384 1686 et
410 1612 575 1686 totaliter
602 1637 759 1710 corpore
789 1628 1071 1708 conquassatus
1103 1637 1293 1709 nunquam
1321 1638 1344 1686 a

221 1720 461 1818 perfectionis
496 1744 585 1792 suae
614 1718 778 1792 substitit
810 1744 930 1802 cursu,
962 1744 1151 1815 nunquam
1181 1721 1344 1816 rigorem

154 1858 194 1904 ro
221 1854 354 1925 passus
381 1843 440 1899 est
468 1824 656 1900 inflectere
685 1825 914 1922 disciplinae.
972 1826 1070 1898 Nam
1099 1842 1137 1898 et
1160 1826 1345 1899 exhausto

222 1935 295 2008 iam
325 1932 470 2031 corpori
500 1933 580 2005 sine
604 1932 855 2006 conscientiae
877 1957 1065 2005 murmure
1085 1933 1264 2028 nequibat
1283 1934 1342 2006 vel

221 2040 257 2115 in
288 2042 435 2114 modico
464 2040 673 2114 subvenire.
731 2041 862 2136 ltaque
891 2065 975 2113 cum
1003 2055 1195 2137 oporteret
1224 2041 1344 2136 ipsum

221 2149 333 2222 etiam
364 2148 553 2221 nolentem
582 2145 721 2244 proprii
755 2146 922 2243 corporis
960 2146 1208 2228 incommoda,
1247 2169 1345 2242 quae

221 2255 320 2329 vires
356 2253 436 2328 eius
478 2270 729 2336 excesserant,
773 2253 1039 2326 blandimentis
1080 2252 1344 2326 remedialibus

154 2392 190 2459 15
222 2362 387 2445 delinire,
409 2359 612 2459 quemdam
634 2358 831 2457 [fratrem],
854 2385 967 2457 quem
987 2360 1129 2433 sciebat
1149 2358 1342 2432 consilium

221 2469 291 2543 sibi
318 2469 491 2543 daturum
520 2468 737 2565 expediens,
769 2468 934 2566 benigne
967 2468 1029 2542 die
1057 2468 1220 2564 quadam
1257 2466 1344 2541 allo-

221 2576 362 2674 quitur:
395 2576 496 2670 Quid
525 2575 590 2648 tibi
619 2577 776 2660 videtur,
809 2575 858 2648 fili
893 2573 1093 2659 carissime,
1125 2574 1227 2671 quod
1257 2600 1343 2648 con-

221 2684 377 2757 scientia
388 2708 471 2755 mea
485 2681 533 2755 de
544 2708 633 2757 cura
644 2682 811 2780 corporis
822 2683 1037 2779 frequenter
1046 2682 1342 2755 submurmurat?

221 2790 347 2864 Timet
377 2815 423 2862 ne
452 2789 651 2863 infirmanti
681 2790 790 2862 nimis
819 2789 1046 2887 indulgeam,
1085 2805 1122 2861 et
1151 2788 1344 2885 exquisitis

150 2926 193 2973 20
220 2897 254 2971 ei
283 2896 454 2969 studeam
483 2896 657 2969 fomentis
686 2922 913 2969 succurrere.
972 2897 1057 2970 Non
1088 2896 1189 2993 quod
1223 2895 1343 2991 ipsum

220 3004 294 3078 iam
323 3003 461 3100 aliquid
491 3002 652 3077 delectet
680 3004 850 3101 accipere
880 3003 1092 3077 infirmitate
1117 3002 1231 3100 longa
1260 3027 1344 3075 con-

219 3111 368 3194 fectum,
400 3136 422 3182 a
451 3136 526 3208 quo
546 3110 659 3184 totius
678 3112 823 3206 saporis
847 3112 1002 3183 recessit
1021 3109 1213 3207 impulsus,

304 3241 390 3289 211.
413 3217 623 3314 Respondit
645 3216 740 3289 filius
759 3216 960 3315 diligenter
978 3219 1025 3290 ad
1046 3234 1201 3315 patrem,
1224 3240 1246 3288 a
1265 3217 1342 3288 Do·

221 3325 322 3396 mino
341 3323 409 3396 sibi
439 3323 517 3396 dari
546 3325 701 3397 verbum
735 3324 990 3421 responsionis
1009 3348 1239 3422 agnoscens:
1270 3323 1343 3395 Dic

148 3463 190 3528 25
221 3431 320 3517 mihi,
338 3430 367 3503 si
387 3429 565 3530 dignaris,
583 3457 606 3504 o
625 3447 741 3528 pater,
760 3456 834 3526 qua
852 3430 1046 3529 diligentia
1067 3456 1201 3527 corpus
1224 3446 1339 3513 tuum,

219 3538 307 3610 dum
337 3539 467 3635 potuit,
499 3538 571 3610 tuis
600 3537 875 3634 obtemperavit
903 3537 1112 3611 mandatis?
1169 3537 1244 3630 Qui
1273 3537 1339 3609 ait:

219 3644 492 3718 Testimonium
503 3644 552 3717 illi
567 3644 757 3742 perhibeo,
771 3644 832 3730 fili,
844 3644 930 3741 quia
943 3671 1009 3742 per
1020 3645 1146 3717 omnia
1160 3643 1342 3717 obediens

219 3751 296 3837 fuit,
327 3753 363 3824 in
393 3751 493 3825 nullo
521 3750 741 3847 sibimetipsi
769 3753 947 3849 pepercit,
978 3753 1044 3825 sed
1067 3751 1172 3848 quasi
1200 3753 1344 3848 pr[ae]·

219 3884 308 3955 ceps
336 3861 384 3932 ad
413 3876 547 3933 cuncta
575 3858 763 3932 ferebatur
791 3858 957 3956 imperia.
1015 3857 1167 3930 Nullum
1200 3859 1341 3930 subter-

148 3991 189 4056 30
219 3965 314 4062 fugit
341 3967 518 4050 laborem,
551 3965 691 4040 nullum
724 3966 923 4038 declinavit
951 3965 1241 4049 incommodum,
1264 3981 1342 4038 tan-

217 4074 412 4146 tummodo
441 4073 538 4147 iussa
577 4091 704 4171 posset
733 4073 923 4170 perficere.
990 4074 1030 4144 ln
1071 4072 1142 4145 hoc
1176 4074 1342 4170 perfecte

292 4272 313 4310 r.
334 4259 363 4310 ll
382 4274 429 4309 om.
449 4256 586 4311 francisci
659 4272 684 4309 2.
706 4258 737 4310 M
755 4256 937 4327 ecquomodo
1010 4255 1037 4311 6.
1058 4258 1089 4311 M
1107 4275 1177 4328 quae
1254 4273 1292 4311 11.
1313 4257 1347 4310 M

217 4354 266 4390 om.
286 4337 414 4408 nequibat
490 4351 528 4404 15.
548 4337 573 4389 A
593 4354 643 4390 om.
664 4335 772 4390 fratrem
847 4336 1053 4409 21.Raliquod
1126 4339 1342 4393 21-22.Rc0u-

216 4416 318 4470 forrum
392 4416 585 4486 27.Rom.lili
662 4417 936 4488 28-29.Aprinceps
1011 4434 1104 4488 30-31.
1126 4417 1306 4473 Rdummodo
