3142 4875
271 327 341 397 186
641 348 813 399 euoenon
841 347 1008 397 sccunun

1121 456 1382 465 --—--—-—-

266 669 343 768 [De
361 671 602 767 providentio
624 673 867 768 futurorum,
897 683 932 744 et
965 671 1133 769 qualiter
1167 646 1381 769 rclzgz'onem

341 787 524 860 commisit
565 789 756 860 Romanae
803 787 995 872 Ecclesiae,
1043 799 1078 860 et
1122 791 1284 885 quadum
1331 790 1382 861 oi·

343 902 473 1002 sione]⁸
532 902 634 976 XVI.

348 1132 366 1178 2
373 1132 408 1201 3.
436 1105 548 1179 Vitae
577 1105 717 1179 meritis
745 1106 920 1179 continue
949 1123 1055 1203 pater
1083 1123 1234 1180 sanctus
1251 1133 1295 1180 ac
1314 1107 1380 1181 vir·

262 1230 342 1288 tute
356 1212 566 1312 proficiens,
584 1238 668 1286 cum
684 1228 855 1286 natorum
871 1213 1022 1286 soboles
1038 1213 1227 1310 multiplici
1244 1214 1381 1312 ubique
1416 1251 1431 1315 5

264 1321 336 1395 iam
351 1344 506 1394 numero
521 1320 737 1393 dilataretur
751 1336 789 1393 et
803 1320 936 1417 gratia,
953 1321 1249 1418 extenderetque
1264 1347 1382 1418 usque

262 1428 312 1502 ad
340 1426 432 1501 fines
460 1426 560 1499 orbis
588 1426 760 1524 palmites
789 1428 971 1500 fructuum
988 1427 1174 1501 fertilitate
1195 1428 1379 1514 mirificos

264 1533 388 1631 coepit
431 1532 580 1629 saepius
623 1533 794 1607 meditari
830 1532 1008 1606 sollicitus
1044 1535 1201 1630 qualiter
1237 1534 1381 1608 illorum

264 1639 411 1714 novella
437 1639 617 1737 plantatio
646 1640 783 1713 servari
812 1656 941 1738 posset
968 1655 1006 1714 et
1034 1666 1204 1714 crescere
1231 1643 1381 1715 unitatis

263 1747 412 1820 vinculo
441 1745 624 1845 colligata.
682 1746 846 1820 Videbat
860 1763 948 1819 tunc
964 1762 1093 1821 contra
1108 1748 1280 1845 pusillum
1300 1775 1381 1847 gre·
1417 1782 1457 1829 ιο

264 1880 352 1952 gem
380 1856 551 1950 luporum
580 1878 684 1926 more
712 1853 856 1928 saevire
884 1855 1134 1951 quamplures,
1167 1872 1205 1927 et
1232 1856 1279 1928 de
1303 1855 1381 1928 sola

265 1960 429 2034 novitate
458 1960 601 2033 dierum
630 1959 811 2034 malorum
841 1961 1068 2034 inveteratos
1096 1987 1244 2035 sumere
1278 1988 1381 2035 occa·

264 2068 407 2141 sionem
437 2067 608 2141 nocendi.
668 2068 915 2141 Praevidebat
943 2068 1128 2164 quaedam
1158 2069 1254 2142 inter
1281 2069 1381 2166 ipsos

264 2175 358 2248 filios
385 2174 556 2247 accidere
575 2199 686 2272 posse
702 2190 854 2247 sanctae
872 2175 955 2272 paci
976 2191 1013 2247 et
1033 2174 1163 2249 unitati
1184 2175 1378 2259 contraria,

264 2297 312 2366 et,
342 2280 437 2354 sicut
473 2305 587 2379 saepe
624 2280 759 2354 accidit
796 2282 832 2353 in
871 2280 1008 2366 electis,
1047 2281 1204 2356 rebelles
1239 2282 1382 2357 futuros
1417 2315 1453 2381 15

265 2390 447 2486 quosdam
476 2412 566 2462 suae
596 2387 716 2462 carnis
735 2412 847 2462 sensu
864 2387 1011 2463 inflatos
1030 2404 1067 2462 et
1086 2388 1215 2488 spiritu
1231 2407 1382 2487 paratos

264 2496 312 2569 ad
342 2496 461 2593 iurgia
489 2512 527 2569 et
555 2521 694 2593 pronos
722 2497 770 2568 ad
799 2495 974 2569 scandala
1003 2498 1206 2571 dubitabat.

347 2625 405 2692 24.
437 2604 609 2699 Cumque
624 2603 679 2675 vir
698 2602 771 2675 Dei
786 2603 880 2676 haec
895 2620 933 2676 et
948 2603 1079 2677 similia
1094 2604 1243 2701 saepius
1257 2605 1382 2678 animo

263 2707 439 2793 volveret,
472 2726 581 2783 nocte
601 2710 763 2807 quadam
779 2710 928 2784 deditus
942 2735 1075 2783 somno
1089 2710 1270 2784 visionem
1287 2713 1382 2785 hanc

263 2815 375 2889 videt.
433 2816 584 2913 Inspicit
599 2817 775 2914 gallinam
791 2842 944 2913 parvam
959 2833 997 2890 et
1012 2817 1167 2915 nigram.
1186 2817 1381 2892 columbae
1412 2846 1454 2895 20

263 2923 491 2996 domesticae
529 2923 698 3006 similem,
733 2949 841 2995 crura
875 2940 954 2995 tota
988 2940 1152 3020 pennata
1180 2924 1381 2998 habentem

264 3055 348 3102 cum
377 3030 547 3126 pedibus,
605 3030 711 3104 Haec
740 3029 861 3126 pullos
890 3030 1052 3103 habebat
1072 3031 1297 3115 innumeros,
1319 3032 1381 3129 qui

265 3137 441 3235 gallinam
471 3154 637 3212 rotantes
658 3137 839 3211 instanter
857 3137 926 3209 sub
946 3136 1024 3210 alas
1043 3137 1123 3211 eius
1142 3163 1274 3211 omnes
1297 3163 1383 3211 con-

264 3243 415 3341 gregari
445 3244 658 3341 nequibant.
715 3242 845 3341 Surgit
863 3268 886 3316 a
904 3269 1037 3317 somno
1056 3243 1112 3317 vir
1130 3244 1214 3328 Dei,
1250 3245 1299 3317 ad
1318 3271 1383 3318 cor

265 3350 444 3424 meditata
462 3350 615 3432 reducit,
634 3349 792 3423 efficitur
811 3349 891 3446 ipse
906 3375 995 3423 suae
1015 3351 1167 3424 visionis
1186 3352 1380 3449 interpres
1413 3379 1450 3444 25

264 3456 421 3542 Gallina,
453 3456 581 3553 inquit,
615 3456 744 3555 [haec]
774 3482 856 3529 sum
886 3482 961 3555 ego
980 3473 1120 3530 statura
1145 3458 1309 3555 pusillus,
1332 3460 1383 3531 ni-

264 3589 408 3661 gerque
437 3581 578 3646 natura,
610 3566 668 3636 cui
697 3563 908 3636 columbina
929 3590 996 3660 per
1014 3563 1263 3638 innocentiam
1283 3565 1381 3638 vitae

264 3670 377 3743 debet
405 3670 572 3745 famulari
589 3670 815 3768 simplicitas,
838 3695 937 3766 quae
956 3672 1050 3744 sicut
1068 3697 1163 3744 aevo
1182 3671 1378 3756 rarissima,

264 3776 316 3849 sic
344 3777 520 3874 expedite
539 3776 641 3851 volat
668 3778 716 3851 ad
736 3777 892 3850 caelum.
950 3779 1041 3850 Pulli
1062 3795 1148 3850 sunt
1167 3780 1299 3851 iratres
1319 3804 1383 3850 nu·

264 3908 367 3956 mero
402 3882 631 3981 multiplicati
667 3902 705 3957 et
742 3885 873 3980 gratia,
909 3909 1004 3980 quos
1040 3910 1062 3958 a
1098 3886 1381 3959 conturbatione
1413 3912 1453 3978 30

263 3990 455 4063 hominum
497 4008 535 4063 et
580 3991 874 4064 contradictione
923 3992 1134 4089 linguarum
1181 3992 1382 4065 defendere

264 4096 451 4169 Francisci
481 4097 597 4170 virtus
627 4123 699 4171 non
729 4097 875 4170 sufficit.
934 4098 1080 4171 Vadam
1110 4099 1223 4197 igitur
1250 4115 1289 4171 et
1316 4124 1381 4172 eos

265 4219 416 4276 sanctae
444 4203 639 4277 Romanae
668 4204 859 4277 Ecclesiae
889 4206 1172 4288 commendabo
1196 4205 1299 4277 cuius
1318 4231 1382 4303 po-

337 4416 361 4466 q.
382 4401 411 4452 M
431 4402 515 4470 possit
588 4402 748 4472 23.,llalis
823 4401 1061 4458 26.,lom.lrnec
1139 4420 1176 4472 31.
1198 4405 1230 4456 ll
1242 4417 1268 4456 et
1285 4381 1301 4455 ¹a
1323 4421 1344 4456 c.
