3142 4875
243 253 317 322 374
547 255 753 304 tractans
782 256 829 303 ne
858 254 1051 303 rtrnact’trs

303 364 327 368 -·
343 365 398 370 -——---
414 364 437 370 --
453 364 578 370 -----.
598 364 673 370 .-,,-,-
788 363 834 369 -—

240 488 314 559 tale
342 491 603 559 vestimentum
634 486 807 558 fratribus
826 485 863 558 in
883 505 1006 559 castro
1030 511 1099 558 suo
1128 485 1363 559 morantibus

238 610 345 665 extra
374 595 503 665 urbem
539 593 763 674 transmittit,
803 595 854 665 ob
888 594 1008 665 sancti
1045 591 1290 666 reverentiam
1322 614 1363 665 et

240 701 431 772 honorem.
490 699 945 796 blagnumhospitalitatis
957 701 1128 771 meritum
1144 699 1362 795 Scripturae

238 807 466 902 praedicant.
498 805 673 902 exemplo
714 807 947 880 confirmant.
1006 807 1216 901 Receperat
1257 806 1360 878 enim

238 913 400 1009 hospitio
429 911 643 1010 praedictus
670 913 846 985 dominus
887 912 948 985 illa
990 932 1101 985 nocte
1130 913 1261 985 [ratres
1291 913 1361 984 Mi-
1392 943 1408 1004 5

239 1045 349 1092 nores
376 1021 481 1101 duos,
526 1020 576 1091 ob
618 1020 865 1092 reverentiam
907 1021 1025 1093 sancti
1064 1020 1262 1100 Francisci,
1294 1021 1359 1116 qui

237 1128 349 1198 etiam
369 1152 453 1199 cum
475 1124 625 1221 reliquis
643 1128 691 1199 ad
712 1152 839 1198 casum
868 1127 1047 1223 praedicti
1077 1126 1201 1199 [amuli
1231 1152 1359 1199 cucur·

239 1252 375 1305 rerunt.

320 1361 379 1430 50.
411 1340 451 1411 ln
472 1358 594 1412 castro
614 1339 762 1435 Pophis,
785 1342 887 1435 quod
909 1339 945 1412 in
966 1339 1173 1435 Campania
1194 1338 1358 1438 positum

236 1464 303 1527 est,
335 1448 512 1519 sacerdos
532 1447 695 1541 quidam,
718 1445 888 1518 Thomas
911 1445 1071 1528 nomine,
1101 1446 1150 1519 ad
1179 1471 1357 1544 reparan·
1393 1472 1433 1519 1o
1540 1533 1541 1550 χ

237 1553 325 1625 dum
355 1551 609 1625 molendinum
637 1551 819 1624 ecclesiae
848 1578 938 1626 suae
966 1551 1123 1625 accessit
1161 1579 1244 1625 cum
1280 1555 1358 1648 plu-

237 1659 347 1731 ribus.
406 1659 484 1732 Sub
506 1659 720 1732 molendino
740 1677 865 1731 autem
881 1684 1025 1757 gurges
1040 1678 1121 1731 erat
1135 1659 1354 1754 profundus,
1540 1751 1541 1758 ἵ

236 1782 274 1838 et
284 1765 423 1838 canalis
439 1766 655 1862 prominens
670 1765 825 1861 copioso
841 1768 1035 1839 meabatur
1046 1766 1198 1837 influxu.
1258 1767 1357 1839 Cum
1540 1771 1541 1860 l

236 1872 350 1969 igitur
377 1874 554 1946 sacerdos
582 1873 753 1944 incautus
772 1871 1018 1945 deambulans
1046 1898 1155 1944 secus
1182 1889 1358 1944 extrema
1540 1877 1541 1958 i

236 1980 385 2060 canalis,
417 1979 540 2051 subito
568 2005 654 2051 casu
685 1979 824 2051 decidit
867 1980 903 2051 in
945 1980 1124 2051 canalem.
1188 1980 1358 2075 Moxque
1394 2008 1428 2068 ¹5

236 2088 374 2181 impetu
405 2087 516 2158 celeri
546 2086 723 2159 cavilloso
766 2085 869 2183 ligno
912 2085 1122 2168 retruditur,
1154 2087 1258 2158 cuius
1292 2087 1357 2157 im·

236 2194 341 2288 pulsu
380 2193 541 2266 volvitur
582 2193 847 2267 molendinum.
907 2194 1114 2265 Consertus
1143 2194 1289 2265 iacebat
1319 2193 1356 2266 in

236 2300 348 2396 ligno,
373 2326 445 2372 non
476 2301 604 2373 valens
631 2300 868 2396 aliquatenus
887 2326 928 2372 se
950 2325 1114 2377 movere.
1170 2299 1293 2395 Super
1312 2326 1357 2372 os

235 2407 327 2504 eius,
356 2408 443 2504 quia
471 2408 627 2504 supinus
656 2424 745 2489 erat,
772 2432 952 2504 aquarum
974 2407 1135 2504 impetus
1164 2406 1352 2485 influebat.

235 2540 310 2609 quo
338 2531 376 2587 et
404 2516 553 2588 auditus
583 2514 842 2588 miserabiliter
870 2515 1146 2586 obtundebatur
1174 2533 1212 2586 et
1242 2515 1352 2586 visus.
1391 2538 1430 2583 20

236 2622 311 2692 Cor
340 2637 482 2693 tantum
503 2622 547 2702 ei,
571 2647 645 2693 non
666 2622 790 2718 lingua
814 2639 1054 2707 remanserat,
1080 2646 1156 2717 quo
1183 2639 1356 2693 sanctum

235 2728 473 2800 Franciscum
504 2728 675 2801 flebiliter
703 2728 911 2800 invocabat.
970 2729 1041 2800 Per
1069 2753 1248 2825 magnum
1273 2753 1356 2823 spa·

234 2835 325 2906 tium
354 2836 405 2906 sic
437 2834 497 2907 illo
526 2834 670 2907 iacente
699 2860 743 2908 ac
773 2834 1048 2906 recurrentibus
1068 2832 1178 2907 sociis
1202 2834 1249 2905 de
1278 2833 1355 2907 vita

234 2940 313 3013 eius
333 2941 404 3013 iam
426 2942 574 3037 penitus
602 2942 828 3038 desperatis:
853 2939 1054 3022 Violenter,
1078 2940 1198 3037 inquit
1217 2941 1353 3012 molen·

234 3047 408 3131 dinarius,
440 3049 675 3121 revolvamus
704 3049 740 3119 in
769 3049 995 3120 contrarium
1026 3048 1291 3129 molendinum,
1315 3065 1355 3121 ut
1387 3071 1424 3132 25

234 3156 285 3225 sic
301 3180 378 3226 ase
399 3156 559 3227 cadaver
578 3155 752 3226 excutiat.
793 3153 1019 3227 Obnitentes
1035 3154 1148 3252 igitur
1168 3154 1354 3226 contrario

234 3259 369 3332 molam
391 3263 585 3334 revolvunt
605 3279 643 3332 et
667 3260 827 3332 eiectum
847 3260 883 3334 in
904 3287 1039 3356 aquarn
1061 3262 1260 3357 inspiciunt
1279 3260 1354 3357 pal-

235 3369 426 3463 pitantem.
484 3368 585 3441 Dum
614 3368 666 3439 sic
695 3368 897 3440 semivivus
924 3369 1047 3440 adhuc
1076 3394 1142 3464 per
1162 3368 1353 3466 gurgitem

231 3474 418 3546 volutatur
446 3476 631 3557 sacerdos,
664 3476 771 3546 adest
800 3475 950 3570 quidam
971 3475 1084 3547 irater
1111 3474 1245 3557 Minor,
1267 3475 1353 3547 alba

233 3582 382 3653 indutus
411 3582 535 3654 tunica
563 3598 601 3654 et
630 3582 716 3653 sune
750 3581 970 3661 succinctus,
1011 3606 1224 3678 magnaque
1267 3606 1352 3652 cum
1384 3608 1424 3673 30

232 3689 414 3760 suavitate
435 3715 502 3785 per
520 3688 712 3761 brachium
728 3703 917 3783 arreptum
934 3704 1039 3760 extra
1056 3687 1192 3760 flumen
1214 3687 1349 3769 educit,

231 3795 381 3867 dicens:
414 3797 499 3893 Ego
528 3823 609 3867 sum
640 3794 869 3875 Franciscus,
895 3821 1008 3891 quern
1038 3795 1229 3868 invocasti.
1288 3793 1353 3867 Ille

232 3927 321 3973 vero
349 3902 401 3974 sic
438 3903 614 3993 liberatus
660 3902 767 3973 nimis
810 3901 1010 3997 obstupuit,
1043 3918 1081 3973 et
1114 3902 1238 3997 coepit
1280 3903 1353 3972 huc

230 4028 343 4102 atque
374 4009 456 4081 illuc
486 4036 635 4081 currere
664 4009 812 4080 dicens:
846 4009 985 4089 Frater,
1021 4009 1142 4080 frater.
1209 4007 1258 4079 Et
1287 4007 1353 4079 cir·

231 4131 476 4188 comstantes:
510 4115 580 4187 Ubi
610 4132 666 4187 est
696 4114 778 4187 ille?
836 4115 922 4207 Qua
941 4115 1001 4187 via
1021 4113 1214 4187 discessit?
1272 4113 1352 4185 Viri
1384 4139 1422 4204 35

229 4219 355 4290 autem
385 4220 433 4292 illi
463 4222 665 4294 tremefacti
687 4221 903 4293 ceciderunt
921 4221 1028 4317 proni
1045 4221 1080 4293 in
1101 4237 1249 4298 terram.
1272 4222 1351 4317 glo·

232 4323 416 4398 rilicantes
436 4326 561 4399 Deum
582 4345 619 4398 et
639 4344 808 4399 sanctum
829 4326 919 4398 eius.
1106 4326 1107 4330 ’
