3142 4875
275 357 363 407 XLIV
702 353 980 405 PROLEGOMENA

274 579 417 658 usitatas,
432 579 464 644 in
482 578 545 644 hoc
561 577 690 645 decreto
709 576 880 664 complecti
898 595 929 644 et
945 576 1113 644 difficultas
1129 600 1195 645 uon
1212 598 1277 644 erat
1294 580 1400 645 maior

274 708 333 774 pro
351 685 411 752 illis
430 705 528 772 quam
547 705 605 771 pro
622 683 700 751 aliis.
748 683 992 771 impossibilitas
1012 706 1089 751 vero
1108 706 1205 771 quam
1226 686 1398 751 inveniunt

275 790 371 879 aliqui
384 791 416 856 in
430 789 529 856 nimia
542 789 732 856 extensione
743 788 901 877 legendae
914 791 1060 868 minoris,
1073 790 1179 856 solum
1196 791 1309 878 probat
1324 792 1397 859 illos

275 895 1398 985 numquamlibrisliturgicisstuduisse,namquandolegendalongior

274 1024 350 1086 etat,
367 1026 436 1092 pars
450 1021 574 1070 tantum
595 1001 773 1090 ponebatur
792 1004 825 1069 in
846 1003 1012 1070 breviario.
1058 1001 1148 1082 Quin
1170 1003 1229 1069 alia
1248 1005 1397 1092 exempla

275 1111 444 1199 requiram,
468 1109 548 1176 inira
571 1110 707 1176 citantur
729 1110 872 1197 quinque
892 1109 1043 1176 breviaria
1063 1111 1094 1175 in
1114 1109 1229 1198 quibus
1253 1129 1397 1177 tantum-

275 1215 376 1283 modo
400 1236 502 1304 partes
527 1215 697 1303 legendae
720 1216 884 1304 liturgicae
903 1217 1001 1282 nostri
1027 1215 1179 1282 Thomae
1203 1219 1395 1284 inseruntur.

342 1321 512 1411 Quidquid
536 1323 633 1411 igitur
666 1321 758 1389 luerit
781 1321 821 1389 de
846 1343 955 1390 mente
987 1324 1138 1411 Capituli,
1164 1325 1292 1391 videtur
1316 1324 1395 1391 illud

274 1450 479 1518 praeceptum
500 1429 724 1519 (generaliter)
743 1431 983 1516 interpretatum
1007 1429 1111 1497 fuisse.
1159 1431 1195 1497 ld
1213 1432 1324 1498 saltetn
1349 1452 1396 1499 te-

274 1555 375 1604 statur
406 1537 549 1625 Angelus
574 1536 740 1618 Clatenus‚
763 1538 818 1626 qui
852 1539 916 1603 iarn
946 1538 1002 1604 illo
1026 1557 1171 1625 tempore
1202 1561 1396 1627 aggregatus

275 1642 376 1710 fuerat
399 1643 431 1709 in
457 1641 629 1710 Ordinem.
692 1669 766 1709 e...
793 1642 888 1723 Quae
919 1645 1034 1731 scripta
1066 1665 1156 1711 erant
1184 1646 1217 1711 in
1243 1645 1395 1732 legenda

275 1750 387 1838 prima,
404 1750 458 1829 ait,
474 1772 557 1815 nova
574 1750 658 1815 edita
674 1772 692 1814 a
708 1749 799 1816 fratre
817 1751 1053 1831 Bonaventura,
1069 1749 1171 1817 deleta
1188 1770 1219 1818 et
1236 1751 1395 1818 destructa

273 1875 349 1923 sunt
372 1858 443 1943 ipso
467 1856 732 1923 iubente...u.(¹)

342 1964 462 2030 forsan
487 1965 518 2029 in
544 1963 605 2029 hoc
630 1963 756 2030 decreto
780 1964 960 2052 quaerenda
988 1983 1035 2031 est
1066 1987 1159 2031 causa
1183 1988 1280 2053 quare
1303 1969 1396 2053 pauci

275 2070 401 2138 codices
428 2069 599 2157 legendae
622 2072 781 2137 secundae
806 2074 1019 2138 inveniantur.
1067 2073 1200 2151 Forsan,
1217 2073 1301 2152 dico,
1321 2075 1395 2161 quia

274 2179 336 2246 hoc
360 2177 455 2245 etiam
482 2177 607 2244 elficere
631 2179 735 2264 potuit
760 2179 853 2245 breue
878 2178 1078 2246 intervallum
1110 2203 1177 2268 quo
1207 2202 1396 2268 separantur

277 2284 470 2372 compositio
495 2284 588 2351 buius
614 2284 784 2372 Legendae
806 2284 1037 2373 (1246-1247)
1057 2304 1089 2351 et
1108 2286 1293 2372 Capitulum
1315 2287 1395 2353 Nar·

274 2391 417 2459 bonense
449 2389 581 2481 (1260).
637 2391 736 2460 Certo
768 2394 884 2460 certius
916 2393 1022 2458 minus
1055 2390 1169 2460 diffusa
1199 2412 1266 2460 erat
1297 2415 1394 2481 quam

274 2498 427 2587 Legenda
451 2499 562 2584 prima,
587 2518 619 2564 et
641 2498 771 2585 quando
796 2498 880 2566 edita
910 2497 969 2566 luit
993 2520 1089 2577 nova,
1113 2522 1196 2586 quae
1219 2500 1330 2567 omnia
1362 2501 1393 2566 in

274 2628 375 2673 unurn
397 2604 567 2692 colligebat
590 2623 621 2670 et
644 2626 726 2692 quae
743 2605 857 2671 maiori
874 2603 1005 2672 fratrum
1023 2628 1160 2672 numero
1184 2607 1258 2672 satis
1282 2607 1394 2688 erat,(²)

273 2714 306 2779 iu
331 2711 528 2778 oblivionem
553 2709 689 2778 deducta
712 2730 768 2777 est.

346 2928 387 2995 (1)
407 2924 534 2979 Chronico
561 2926 763 2992 tribulationum,
783 2944 825 2995 ap.
846 2927 944 2979 Arrisit·
957 2927 1006 2996 sier
1026 2927 1182 2980 Litterutur-
1196 2926 1247 2979 tend
1271 2928 1394 2981 lt't'rclreu·

273 3016 413 3085 geschichte,
430 3028 448 3067 t.
464 3014 497 3078 ll,
514 3031 539 3084 p.
553 3013 612 3081 265.
622 3044 653 3053 -
669 3013 752 3067 Recte
765 3014 982 3067 animadvertunt
995 3014 1068 3066 docti
1082 3014 1133 3066 PP.
1147 3015 1265 3067 editores
1279 3030 1392 3084 operum

273 3105 302 3158 S,
323 3105 542 3157 bonaventurae:
562 3103 745 3156 «Notandum
771 3116 872 3167 tamen,
892 3104 1029 3155 ardentem
1048 3102 1205 3165 Clarenum,
1230 3103 1392 3157 scribentem

273 3196 324 3264 ipso
349 3194 453 3256 iubente,
472 3204 498 3244 et
522 3191 627 3262 aliquos
651 3193 853 3244 recentissimos
878 3192 1022 3261 scriptores
1047 3203 1227 3260 protestantes
1253 3192 1393 3245 detrahere

275 3281 487 3345 Bonaventurae,
501 3297 532 3332 ac
551 3283 572 3332 si
592 3280 648 3350 ipse
664 3280 816 3333 destructor
831 3281 996 3333 litteraturae
1013 3281 1210 3334 Franciscanae
1224 3280 1296 3334 circa
1310 3283 1393 3334 vitam

274 3370 302 3423 S.
316 3369 449 3423 Francisci
463 3368 562 3421 luisset.
600 3369 711 3421 Decisio
725 3368 771 3421 illa
785 3368 851 3420 lacta
865 3380 903 3421 est
917 3386 931 3420 a
946 3368 1082 3439 CapitulO,
1096 3385 1152 3421 nou
1166 3385 1180 3420 a
1195 3369 1394 3432 Bonaventura,

273 3458 318 3529 qui
338 3473 411 3511 cetto
431 3458 463 3509 ad
483 3458 680 3527 imponendum
701 3458 760 3509 aliis
780 3474 848 3526 opus
868 3475 883 3509 a
903 3474 931 3510 se
951 3458 1136 3527 conscriptum
1153 3474 1262 3527 prorsus
1281 3458 1394 3528 incapax

274 3561 330 3601 erat
345 3568 368 3599 u.
408 3548 492 3618 Opera
511 3549 604 3609 omnio,
624 3559 641 3599 t.
656 3547 689 3611 X,
709 3548 859 3600 Dissertatio
879 3548 914 3609 ll,
933 3564 958 3617 p.
980 3548 1021 3614 58,
1042 3560 1107 3600 nota
1126 3545 1150 3600 6.

344 3638 385 3704 (2)
397 3637 577 3707 Sapientiores
587 3649 649 3689 sunt
659 3653 740 3707 quam
752 3648 780 3689 ut
794 3636 853 3689 illas
864 3637 988 3689 omittam
1000 3636 1230 3707 praemonitiones
1242 3637 1292 3691 PP.
1303 3636 1395 3690 Edito-

273 3743 332 3779 rum
345 3726 373 3779 S.
385 3726 601 3777 bonaventurae:
611 3744 624 3772 «
636 3724 672 3777 Ut
684 3738 773 3778 autern
785 3725 818 3777 de
829 3725 881 3778 ltac
892 3726 919 3778 S.
932 3725 1066 3777 francisci
1078 3726 1132 3777 vita
1144 3724 1272 3777 iudicium
1283 3723 1392 3787 feratur,

274 3815 349 3868 illam
369 3831 425 3867 non
438 3814 568 3866 debemus
581 3814 668 3866 metiri
688 3814 838 3866 secundum
853 3814 973 3883 regulam
988 3830 1059 3874 earn,
1076 3830 1156 3884 quam
1171 3830 1265 3866 recens
1281 3813 1392 3866 scientia

274 3905 402 3959 historica
422 3905 448 3956 iu
469 3904 618 3956 iudicandis
633 3903 775 3956 bominum
793 3903 853 3955 vitis
872 3903 956 3969 vulgo
977 3903 1104 3955 adhibere
1117 3901 1193 3955 solet.
1233 3901 1306 3954 Haec
1320 3902 1392 3953 enim

274 3995 328 4046 vim
349 3994 424 4063 ponit
443 3993 585 4063 praecipue
605 3992 633 4045 iu
653 4004 776 4045 accurata
791 4009 878 4044 rerum
895 3994 1057 4045 exteriorum
1077 4004 1225 4061 gestarum,
1238 4005 1393 4061 temporum

274 4083 441 4152 aliarumque
453 4082 713 4134 circumstantiarum
728 4080 902 4148 indagatione
916 4093 942 4133 et
956 4080 1132 4133 enarratione.
1166 4079 1220 4133 Pto
1234 4096 1310 4132 more
1325 4078 1394 4131 illius

274 4172 368 4225 aetatis
393 4172 421 4225 S.
447 4171 639 4224 Bonaventura
664 4170 747 4222 alium
772 4170 822 4222 sibi
847 4173 987 4240 proposuit
1007 4170 1173 4240 principalem
1198 4170 1283 4235 tinem,
1307 4169 1394 4239 potius

274 4261 424 4330 practicum
443 4277 524 4329 quam
544 4258 733 4323 scientificum,
749 4277 779 4312 ac
801 4260 914 4329 proinde
934 4261 1015 4311 etiam
1028 4259 1112 4311 alium
1127 4257 1241 4311 modum
1261 4257 1393 4310 tractandi

273 4349 378 4418 aliaque
389 4349 478 4400 media
492 4348 524 4400 ad
538 4349 612 4400 hunc
626 4349 707 4400 linem
718 4348 916 4419 assequendum
928 4349 1031 4401 censuit
1044 4347 1178 4415 eligenda.
1212 4347 1292 4399 Salva
1303 4364 1393 4400 rerum

274 4449 411 4507 gestarum
431 4438 551 4501 veritate,
571 4453 662 4507 quarn,
682 4449 711 4489 ut
728 4438 784 4507 ipse
805 4439 878 4501 dicit,
894 4437 1011 4491 sollicite
1026 4437 1170 4507 indagavit,
1189 4452 1222 4489 eo
1243 4435 1295 4489 fine
1315 4435 1394 4507 elegit
