<?xml version="1.0" encoding="UTF-8"?>
<!DOCTYPE html PUBLIC "-//W3C//DTD XHTML 1.0 Transitional//EN"
    "http://www.w3.org/TR/xhtml1/DTD/xhtml1-transitional.dtd">
<html xmlns="http://www.w3.org/1999/xhtml" xml:lang="en" lang="en">
 <head>
  <title>
</title>
<meta http-equiv="Content-Type" content="text/html;charset=utf-8" />
  <meta name='ocr-system' content='tesseract 3.04.00' />
  <meta name='ocr-capabilities' content='ocr_page ocr_carea ocr_par ocr_line ocrx_word'/>
</head>
<body>
  <div class='ocr_page' id='page_1' title='image "./sfrancisciassis00dogoog_0440.png"; bbox 0 0 3142 4875; ppageno 0'>
   <div class='ocr_carea' id='block_1_1' title="bbox 162 518 1451 4252">
    <p class='ocr_par' dir='ltr' id='par_1_1' title="bbox 248 518 1422 1257">
     <span class='ocr_line' id='line_1_1' title="bbox 248 518 1372 617; baseline 0.002 -27"><span class='ocrx_word' id='word_1_1' title='bbox 248 520 397 616; x_wconf 88' lang='lat' dir='ltr'>signum</span> <span class='ocrx_word' id='word_1_2' title='bbox 428 520 515 592; x_wconf 89' lang='lat' dir='ltr'>thau</span> <span class='ocrx_word' id='word_1_3' title='bbox 546 521 689 592; x_wconf 87' lang='lat' dir='ltr'>carneis</span> <span class='ocrx_word' id='word_1_4' title='bbox 717 520 834 592; x_wconf 87' lang='lat' dir='ltr'>oculis</span> <span class='ocrx_word' id='word_1_5' title='bbox 862 546 974 616; x_wconf 89' lang='lat' dir='ltr'>super</span> <span class='ocrx_word' id='word_1_6' title='bbox 1003 521 1162 592; x_wconf 79' lang='lat' dir='ltr'>frontem</span> <span class='ocrx_word' id='word_1_7' title='bbox 1188 518 1287 592; x_wconf 91' lang='lat' dir='ltr'>beati</span> <span class='ocrx_word' id='word_1_8' title='bbox 1307 545 1372 617; x_wconf 88' lang='lat' dir='ltr'>pa·</span> 
     </span>
     <span class='ocr_line' id='line_1_2' title="bbox 248 626 1371 725; baseline 0.001 -28"><span class='ocrx_word' id='word_1_9' title='bbox 248 627 313 698; x_wconf 90' lang='lat' dir='ltr'>tris</span> <span class='ocrx_word' id='word_1_10' title='bbox 334 627 505 723; x_wconf 84' lang='lat' dir='ltr'>inspexit,</span> <span class='ocrx_word' id='word_1_11' title='bbox 524 627 624 723; x_wconf 92' lang='lat' dir='ltr'>quod</span> <span class='ocrx_word' id='word_1_12' title='bbox 645 627 747 699; x_wconf 87' lang='lat' dir='ltr'>varie</span> <span class='ocrx_word' id='word_1_13' title='bbox 766 627 956 724; x_wconf 88' lang='lat' dir='ltr'>depictum</span> <span class='ocrx_word' id='word_1_14' title='bbox 979 626 1123 725; x_wconf 84' lang='lat' dir='ltr'><strong>fulgore</strong></span> <span class='ocrx_word' id='word_1_15' title='bbox 1142 651 1256 698; x_wconf 89' lang='lat' dir='ltr'>aureo</span> <span class='ocrx_word' id='word_1_16' title='bbox 1277 628 1371 699; x_wconf 90' lang='lat' dir='ltr'>reni-</span> 
     </span>
     <span class='ocr_line' id='line_1_3' title="bbox 248 733 1370 830; baseline 0.003 -26"><span class='ocrx_word' id='word_1_17' title='bbox 248 735 361 805; x_wconf 89' lang='lat' dir='ltr'>tebat.</span> <span class='ocrx_word' id='word_1_18' title='bbox 421 733 613 826; x_wconf 87' lang='lat' dir='ltr'>Quantum</span> <span class='ocrx_word' id='word_1_19' title='bbox 644 733 756 830; x_wconf 86' lang='lat' dir='ltr'>igitur</span> <span class='ocrx_word' id='word_1_20' title='bbox 784 751 823 807; x_wconf 89' lang='lat' dir='ltr'>et</span> <span class='ocrx_word' id='word_1_21' title='bbox 851 735 1014 806; x_wconf 90' lang='lat' dir='ltr'>humana</span> <span class='ocrx_word' id='word_1_22' title='bbox 1033 733 1204 806; x_wconf 83' lang='lat' dir='ltr'>suadibili</span> <span class='ocrx_word' id='word_1_23' title='bbox 1225 733 1370 807; x_wconf 88' lang='lat' dir='ltr'>ratione</span> 
     </span>
     <span class='ocr_line' id='line_1_4' title="bbox 249 840 1372 938; baseline 0.001 -26"><span class='ocrx_word' id='word_1_24' title='bbox 249 859 285 912; x_wconf 88' lang='lat' dir='ltr'>et</span> <span class='ocrx_word' id='word_1_25' title='bbox 315 840 496 913; x_wconf 89' lang='lat' dir='ltr'>catholica</span> <span class='ocrx_word' id='word_1_26' title='bbox 525 840 745 936; x_wconf 87' lang='lat' dir='ltr'>acceptione</span> <span class='ocrx_word' id='word_1_27' title='bbox 773 841 941 938; x_wconf 85' lang='lat' dir='ltr'>dignum,</span> <span class='ocrx_word' id='word_1_28' title='bbox 967 858 1005 912; x_wconf 90' lang='lat' dir='ltr'>ut</span> <span class='ocrx_word' id='word_1_29' title='bbox 1035 840 1098 937; x_wconf 95' lang='lat' dir='ltr'>qui</span> <span class='ocrx_word' id='word_1_30' title='bbox 1128 840 1179 912; x_wconf 90' lang='lat' dir='ltr'>sic</span> <span class='ocrx_word' id='word_1_31' title='bbox 1200 840 1372 913; x_wconf 91' lang='lat' dir='ltr'>mirando</span> 
     </span>
     <span class='ocr_line' id='line_1_5' title="bbox 249 945 1422 1042; baseline 0.001 -23"><span class='ocrx_word' id='word_1_32' title='bbox 249 948 369 1019; x_wconf 89' lang='lat' dir='ltr'>crucis</span> <span class='ocrx_word' id='word_1_33' title='bbox 397 965 477 1019; x_wconf 89' lang='lat' dir='ltr'>erat</span> <span class='ocrx_word' id='word_1_34' title='bbox 505 971 633 1018; x_wconf 89' lang='lat' dir='ltr'>amore</span> <span class='ocrx_word' id='word_1_35' title='bbox 663 966 899 1042; x_wconf 69' lang='lat' dir='ltr'>praeventus</span> <span class='ocrx_word' id='word_1_36' title='bbox 931 949 1101 1019; x_wconf 89' lang='lat' dir='ltr'>mirando</span> <span class='ocrx_word' id='word_1_37' title='bbox 1129 946 1242 1019; x_wconf 88' lang='lat' dir='ltr'>etiam</span> <span class='ocrx_word' id='word_1_38' title='bbox 1265 945 1373 1020; x_wconf 83' lang='lat' dir='ltr'>fieret</span> <span class='ocrx_word' id='word_1_39' title='bbox 1404 975 1422 1041; x_wconf 87' lang='lat'><em>5</em></span> 
     </span>
     <span class='ocr_line' id='line_1_6' title="bbox 249 1053 1372 1149; baseline -0.001 -24"><span class='ocrx_word' id='word_1_40' title='bbox 249 1054 369 1126; x_wconf 91' lang='lat' dir='ltr'>crucis</span> <span class='ocrx_word' id='word_1_41' title='bbox 384 1056 526 1126; x_wconf 83' lang='lat' dir='ltr'>honore</span> <span class='ocrx_word' id='word_1_42' title='bbox 544 1053 734 1125; x_wconf 86' lang='lat' dir='ltr'>mirificus!</span> <span class='ocrx_word' id='word_1_43' title='bbox 793 1055 996 1149; x_wconf 85' lang='lat' dir='ltr'>Propterea</span> <span class='ocrx_word' id='word_1_44' title='bbox 1012 1053 1100 1126; x_wconf 85' lang='lat' dir='ltr'>nihil</span> <span class='ocrx_word' id='word_1_45' title='bbox 1121 1053 1168 1125; x_wconf 90' lang='lat' dir='ltr'>de</span> <span class='ocrx_word' id='word_1_46' title='bbox 1184 1079 1231 1126; x_wconf 90' lang='lat' dir='ltr'>eo</span> <span class='ocrx_word' id='word_1_47' title='bbox 1245 1054 1372 1125; x_wconf 88' lang='lat' dir='ltr'>verius</span> 
     </span>
     <span class='ocr_line' id='line_1_7' title="bbox 248 1160 1259 1257; baseline 0 -26"><span class='ocrx_word' id='word_1_48' title='bbox 248 1186 360 1256; x_wconf 88' lang='lat' dir='ltr'>quam</span> <span class='ocrx_word' id='word_1_49' title='bbox 390 1162 492 1256; x_wconf 93' lang='lat' dir='ltr'>quod</span> <span class='ocrx_word' id='word_1_50' title='bbox 521 1160 569 1232; x_wconf 91' lang='lat' dir='ltr'>de</span> <span class='ocrx_word' id='word_1_51' title='bbox 598 1160 716 1232; x_wconf 88' lang='lat' dir='ltr'>crucis</span> <span class='ocrx_word' id='word_1_52' title='bbox 745 1161 984 1256; x_wconf 81' lang='lat' dir='ltr'>stigmatibus</span> <span class='ocrx_word' id='word_1_53' title='bbox 1012 1160 1259 1257; x_wconf 91' lang='lat' dir='ltr'>praedicatur.</span> 
     </span>
    </p>

    <p class='ocr_par' dir='ltr' id='par_1_2' title="bbox 249 1265 1447 1684">
     <span class='ocr_line' id='line_1_8' title="bbox 330 1265 1371 1364; baseline 0.001 -25"><span class='ocrx_word' id='word_1_54' title='bbox 330 1291 364 1357; x_wconf 92' lang='lat'>4.</span> <span class='ocrx_word' id='word_1_55' title='bbox 380 1285 385 1295; x_wconf 81' lang='grc'><strong>’</strong></span> <span class='ocrx_word' id='word_1_56' title='bbox 400 1269 540 1339; x_wconf 80' lang='lat' dir='ltr'>Modus</span> <span class='ocrx_word' id='word_1_57' title='bbox 567 1268 818 1362; x_wconf 76' lang='lat' dir='ltr'>apparitionis</span> <span class='ocrx_word' id='word_1_58' title='bbox 845 1267 990 1364; x_wconf 77' lang='lat' dir='ltr'>seraph.</span> <span class='ocrx_word' id='word_1_59' title='bbox 1008 1311 1059 1323; x_wconf 95' lang='lat'><strong>—</strong></span> <span class='ocrx_word' id='word_1_60' title='bbox 1075 1265 1212 1339; x_wconf 86' lang='lat' dir='ltr'>Modus</span> <span class='ocrx_word' id='word_1_61' title='bbox 1244 1283 1371 1340; x_wconf 87' lang='lat' dir='ltr'>autem</span> 
     </span>
     <span class='ocr_line' id='line_1_9' title="bbox 249 1373 1372 1470; baseline 0.001 -25"><span class='ocrx_word' id='word_1_62' title='bbox 249 1373 492 1470; x_wconf 87' lang='lat' dir='ltr'>apparitionis</span> <span class='ocrx_word' id='word_1_63' title='bbox 520 1373 579 1445; x_wconf 91' lang='lat' dir='ltr'>hic</span> <span class='ocrx_word' id='word_1_64' title='bbox 604 1374 681 1445; x_wconf 84' lang='lat' dir='ltr'>luit.</span> <span class='ocrx_word' id='word_1_65' title='bbox 740 1374 900 1446; x_wconf 90' lang='lat' dir='ltr'>Duobus</span> <span class='ocrx_word' id='word_1_66' title='bbox 919 1374 1026 1447; x_wconf 89' lang='lat' dir='ltr'>annis</span> <span class='ocrx_word' id='word_1_67' title='bbox 1045 1390 1246 1469; x_wconf 88' lang='lat' dir='ltr'>antequam</span> <span class='ocrx_word' id='word_1_68' title='bbox 1267 1374 1372 1470; x_wconf 89' lang='lat' dir='ltr'>spiri·</span> 
     </span>
     <span class='ocr_line' id='line_1_10' title="bbox 249 1479 1447 1576; baseline 0.001 -24"><span class='ocrx_word' id='word_1_69' title='bbox 249 1498 327 1552; x_wconf 92' lang='lat' dir='ltr'>tum</span> <span class='ocrx_word' id='word_1_70' title='bbox 343 1481 516 1553; x_wconf 89' lang='lat' dir='ltr'>redderet</span> <span class='ocrx_word' id='word_1_71' title='bbox 531 1479 646 1563; x_wconf 88' lang='lat' dir='ltr'>caelo,</span> <span class='ocrx_word' id='word_1_72' title='bbox 660 1480 696 1551; x_wconf 92' lang='lat' dir='ltr'>in</span> <span class='ocrx_word' id='word_1_73' title='bbox 711 1479 924 1553; x_wconf 84' lang='lat' dir='ltr'>eremitorio</span> <span class='ocrx_word' id='word_1_74' title='bbox 940 1482 1041 1576; x_wconf 90' lang='lat' dir='ltr'>quod</span> <span class='ocrx_word' id='word_1_75' title='bbox 1055 1481 1222 1552; x_wconf 85' lang='lat' dir='ltr'>Alverna</span> <span class='ocrx_word' id='word_1_76' title='bbox 1236 1480 1372 1553; x_wconf 91' lang='lat' dir='ltr'>dicitur</span> <span class='ocrx_word' id='word_1_77' title='bbox 1406 1508 1447 1553; x_wconf 74' lang='grc' dir='ltr'>ιο</span> 
     </span>
     <span class='ocr_line' id='line_1_11' title="bbox 249 1586 1371 1684; baseline 0.002 -26"><span class='ocrx_word' id='word_1_78' title='bbox 249 1602 287 1659; x_wconf 86' lang='lat' dir='ltr'>et</span> <span class='ocrx_word' id='word_1_79' title='bbox 304 1603 361 1659; x_wconf 90' lang='lat' dir='ltr'>est</span> <span class='ocrx_word' id='word_1_80' title='bbox 384 1588 418 1659; x_wconf 90' lang='lat' dir='ltr'>in</span> <span class='ocrx_word' id='word_1_81' title='bbox 445 1586 848 1684; x_wconf 80' lang='lat' dir='ltr'>provinciaThusciae,</span> <span class='ocrx_word' id='word_1_82' title='bbox 875 1589 936 1659; x_wconf 93' lang='lat' dir='ltr'>ubi</span> <span class='ocrx_word' id='word_1_83' title='bbox 961 1589 1119 1661; x_wconf 87' lang='lat' dir='ltr'>devotae</span> <span class='ocrx_word' id='word_1_84' title='bbox 1145 1589 1371 1683; x_wconf 86' lang='lat' dir='ltr'>contempla-</span> 
     </span>
    </p>

    <p class='ocr_par' dir='ltr' id='par_1_3' title="bbox 162 1691 1451 4252">
     <span class='ocr_line' id='line_1_12' title="bbox 162 1691 1373 1791; baseline 0.001 -27"><span class='ocrx_word' id='word_1_85' title='bbox 162 1732 169 1745; x_wconf 91' lang='lat'><strong>·</strong></span> <span class='ocrx_word' id='word_1_86' title='bbox 248 1691 359 1765; x_wconf 93' lang='lat' dir='ltr'>tionis</span> <span class='ocrx_word' id='word_1_87' title='bbox 377 1693 586 1766; x_wconf 78' lang='lat' dir='ltr'>secessibus</span> <span class='ocrx_word' id='word_1_88' title='bbox 606 1694 677 1766; x_wconf 88' lang='lat' dir='ltr'>iam</span> <span class='ocrx_word' id='word_1_89' title='bbox 700 1696 771 1765; x_wconf 82' lang='lat' dir='ltr'>ianr</span> <span class='ocrx_word' id='word_1_90' title='bbox 801 1711 902 1765; x_wconf 88' lang='lat' dir='ltr'>totus</span> <span class='ocrx_word' id='word_1_91' title='bbox 921 1694 1070 1766; x_wconf 87' lang='lat' dir='ltr'>caelesti</span> <span class='ocrx_word' id='word_1_92' title='bbox 1091 1693 1234 1791; x_wconf 86' lang='lat' dir='ltr'>gloriae</span> <span class='ocrx_word' id='word_1_93' title='bbox 1255 1695 1373 1766; x_wconf 87' lang='lat' dir='ltr'>inten-</span> 
     </span>
     <span class='ocr_line' id='line_1_13' title="bbox 249 1800 1372 1896; baseline 0.002 -25"><span class='ocrx_word' id='word_1_94' title='bbox 249 1800 372 1883; x_wconf 85' lang='lat' dir='ltr'>debat,</span> <span class='ocrx_word' id='word_1_95' title='bbox 398 1801 491 1872; x_wconf 83' lang='lat' dir='ltr'>vidit</span> <span class='ocrx_word' id='word_1_96' title='bbox 519 1800 554 1872; x_wconf 94' lang='lat' dir='ltr'>in</span> <span class='ocrx_word' id='word_1_97' title='bbox 581 1801 724 1873; x_wconf 89' lang='lat' dir='ltr'>visione</span> <span class='ocrx_word' id='word_1_98' title='bbox 744 1801 880 1896; x_wconf 88' lang='lat' dir='ltr'>seraph</span> <span class='ocrx_word' id='word_1_99' title='bbox 910 1802 945 1871; x_wconf 95' lang='lat' dir='ltr'>in</span> <span class='ocrx_word' id='word_1_100' title='bbox 975 1827 1083 1873; x_wconf 88' lang='lat' dir='ltr'>cruce</span> <span class='ocrx_word' id='word_1_101' title='bbox 1105 1800 1276 1896; x_wconf 84' lang='lat' dir='ltr'>positum,</span> <span class='ocrx_word' id='word_1_102' title='bbox 1303 1826 1372 1873; x_wconf 85' lang='lat' dir='ltr'>sex</span> 
     </span>
     <span class='ocr_line' id='line_1_14' title="bbox 248 1906 1373 2004; baseline 0.001 -25"><span class='ocrx_word' id='word_1_103' title='bbox 248 1906 326 1979; x_wconf 87' lang='lat' dir='ltr'>alas</span> <span class='ocrx_word' id='word_1_104' title='bbox 355 1907 567 1990; x_wconf 89' lang='lat' dir='ltr'>habentem,</span> <span class='ocrx_word' id='word_1_105' title='bbox 590 1933 701 2004; x_wconf 89' lang='lat' dir='ltr'>supra</span> <span class='ocrx_word' id='word_1_106' title='bbox 721 1933 761 1980; x_wconf 86' lang='lat' dir='ltr'>se</span> <span class='ocrx_word' id='word_1_107' title='bbox 781 1926 990 1988; x_wconf 85' lang='lat' dir='ltr'>extensum,</span> <span class='ocrx_word' id='word_1_108' title='bbox 1022 1907 1193 1980; x_wconf 91' lang='lat' dir='ltr'>manibus</span> <span class='ocrx_word' id='word_1_109' title='bbox 1212 1924 1250 1979; x_wconf 90' lang='lat' dir='ltr'>et</span> <span class='ocrx_word' id='word_1_110' title='bbox 1270 1908 1373 2004; x_wconf 87' lang='lat' dir='ltr'>pedi·</span> 
     </span>
     <span class='ocr_line' id='line_1_15' title="bbox 249 2012 1445 2111; baseline 0.006 -26"><span class='ocrx_word' id='word_1_111' title='bbox 249 2014 318 2085; x_wconf 88' lang='lat' dir='ltr'>bus</span> <span class='ocrx_word' id='word_1_112' title='bbox 347 2012 445 2086; x_wconf 89' lang='lat' dir='ltr'>cruci</span> <span class='ocrx_word' id='word_1_113' title='bbox 475 2014 639 2086; x_wconf 85' lang='lat' dir='ltr'>affixum.</span> <span class='ocrx_word' id='word_1_114' title='bbox 700 2015 808 2087; x_wconf 87' lang='lat' dir='ltr'>Duae</span> <span class='ocrx_word' id='word_1_115' title='bbox 838 2016 917 2086; x_wconf 88' lang='lat' dir='ltr'>alae</span> <span class='ocrx_word' id='word_1_116' title='bbox 953 2039 1065 2109; x_wconf 88' lang='lat' dir='ltr'>supra</span> <span class='ocrx_word' id='word_1_117' title='bbox 1101 2031 1213 2110; x_wconf 90' lang='lat' dir='ltr'>caput</span> <span class='ocrx_word' id='word_1_118' title='bbox 1247 2015 1371 2086; x_wconf 89' lang='lat' dir='ltr'>eleva·</span> <span class='ocrx_word' id='word_1_119' title='bbox 1408 2047 1445 2111; x_wconf 82' lang='lat'>15</span> 
     </span>
     <span class='ocr_line' id='line_1_16' title="bbox 249 2120 1373 2202; baseline 0.001 -11"><span class='ocrx_word' id='word_1_120' title='bbox 249 2120 394 2202; x_wconf 88' lang='lat' dir='ltr'>bantur,</span> <span class='ocrx_word' id='word_1_121' title='bbox 413 2121 510 2192; x_wconf 87' lang='lat' dir='ltr'>duae</span> <span class='ocrx_word' id='word_1_122' title='bbox 535 2121 581 2191; x_wconf 89' lang='lat' dir='ltr'>ad</span> <span class='ocrx_word' id='word_1_123' title='bbox 612 2122 811 2193; x_wconf 88' lang='lat' dir='ltr'>volandum</span> <span class='ocrx_word' id='word_1_124' title='bbox 834 2122 1141 2202; x_wconf 80' lang='lat' dir='ltr'>extendebantur,</span> <span class='ocrx_word' id='word_1_125' title='bbox 1164 2121 1262 2192; x_wconf 89' lang='lat' dir='ltr'>duae</span> <span class='ocrx_word' id='word_1_126' title='bbox 1282 2146 1373 2192; x_wconf 83' lang='lat' dir='ltr'>vero</span> 
     </span>
     <span class='ocr_line' id='line_1_17' title="bbox 250 2227 1374 2324; baseline -0.002 -24"><span class='ocrx_word' id='word_1_127' title='bbox 250 2244 370 2300; x_wconf 90' lang='lat' dir='ltr'>totum</span> <span class='ocrx_word' id='word_1_128' title='bbox 408 2227 582 2300; x_wconf 86' lang='lat' dir='ltr'>velabant</span> <span class='ocrx_word' id='word_1_129' title='bbox 619 2253 764 2324; x_wconf 92' lang='lat' dir='ltr'>corpus.</span> <span class='ocrx_word' id='word_1_130' title='bbox 825 2227 930 2300; x_wconf 87' lang='lat' dir='ltr'>Haec</span> <span class='ocrx_word' id='word_1_131' title='bbox 969 2227 1100 2299; x_wconf 85' lang='lat' dir='ltr'>videns</span> <span class='ocrx_word' id='word_1_132' title='bbox 1129 2227 1374 2299; x_wconf 89' lang='lat' dir='ltr'>vehementer</span> 
     </span>
     <span class='ocr_line' id='line_1_18' title="bbox 250 2333 1373 2430; baseline -0.002 -23"><span class='ocrx_word' id='word_1_133' title='bbox 250 2334 452 2429; x_wconf 87' lang='lat' dir='ltr'>obstupuit,</span> <span class='ocrx_word' id='word_1_134' title='bbox 484 2335 550 2406; x_wconf 87' lang='lat' dir='ltr'>sed</span> <span class='ocrx_word' id='word_1_135' title='bbox 580 2335 681 2430; x_wconf 92' lang='lat' dir='ltr'>quod</span> <span class='ocrx_word' id='word_1_136' title='bbox 710 2333 778 2406; x_wconf 90' lang='lat' dir='ltr'>sibi</span> <span class='ocrx_word' id='word_1_137' title='bbox 809 2333 920 2406; x_wconf 83' lang='lat' dir='ltr'>uellet</span> <span class='ocrx_word' id='word_1_138' title='bbox 948 2335 1041 2406; x_wconf 87' lang='lat' dir='ltr'>haec</span> <span class='ocrx_word' id='word_1_139' title='bbox 1070 2334 1164 2407; x_wconf 92' lang='lat' dir='ltr'>visio</span> <span class='ocrx_word' id='word_1_140' title='bbox 1192 2334 1280 2406; x_wconf 90' lang='lat' dir='ltr'>dum</span> <span class='ocrx_word' id='word_1_141' title='bbox 1309 2335 1373 2406; x_wconf 92' lang='lat' dir='ltr'>ad·</span> 
     </span>
     <span class='ocr_line' id='line_1_19' title="bbox 250 2440 1373 2537; baseline 0.002 -25"><span class='ocrx_word' id='word_1_142' title='bbox 250 2459 396 2514; x_wconf 88' lang='lat' dir='ltr'>vertere</span> <span class='ocrx_word' id='word_1_143' title='bbox 426 2440 552 2523; x_wconf 85' lang='lat' dir='ltr'>nescit,</span> <span class='ocrx_word' id='word_1_144' title='bbox 586 2442 741 2512; x_wconf 88' lang='lat' dir='ltr'>mixtum</span> <span class='ocrx_word' id='word_1_145' title='bbox 772 2467 942 2514; x_wconf 89' lang='lat' dir='ltr'>moerore</span> <span class='ocrx_word' id='word_1_146' title='bbox 978 2441 1158 2537; x_wconf 80' lang='lat' dir='ltr'>gaudium</span> <span class='ocrx_word' id='word_1_147' title='bbox 1195 2467 1259 2513; x_wconf 86' lang='lat' dir='ltr'>cor</span> <span class='ocrx_word' id='word_1_148' title='bbox 1292 2442 1373 2514; x_wconf 90' lang='lat' dir='ltr'>eius</span> 
     </span>
     <span class='ocr_line' id='line_1_20' title="bbox 251 2547 1449 2645; baseline 0.001 -26"><span class='ocrx_word' id='word_1_149' title='bbox 251 2547 412 2620; x_wconf 86' lang='lat' dir='ltr'>incurrit.</span> <span class='ocrx_word' id='word_1_150' title='bbox 471 2549 698 2621; x_wconf 87' lang='lat' dir='ltr'>Laetabatur</span> <span class='ocrx_word' id='word_1_151' title='bbox 727 2548 761 2619; x_wconf 91' lang='lat' dir='ltr'>in</span> <span class='ocrx_word' id='word_1_152' title='bbox 793 2549 959 2645; x_wconf 83' lang='lat' dir='ltr'>gratioso</span> <span class='ocrx_word' id='word_1_153' title='bbox 987 2565 1152 2645; x_wconf 88' lang='lat' dir='ltr'>aspectu,</span> <span class='ocrx_word' id='word_1_154' title='bbox 1175 2573 1250 2644; x_wconf 94' lang='lat' dir='ltr'>quo</span> <span class='ocrx_word' id='word_1_155' title='bbox 1276 2574 1298 2619; x_wconf 93' lang='lat' dir='ltr'>a</span> <span class='ocrx_word' id='word_1_156' title='bbox 1317 2574 1374 2620; x_wconf 90' lang='lat' dir='ltr'>se·</span> <span class='ocrx_word' id='word_1_157' title='bbox 1405 2583 1449 2630; x_wconf 85' lang='lat'>20</span> 
     </span>
     <span class='ocr_line' id='line_1_21' title="bbox 250 2654 1373 2751; baseline 0.001 -25"><span class='ocrx_word' id='word_1_158' title='bbox 250 2656 343 2750; x_wconf 90' lang='lat' dir='ltr'>raph</span> <span class='ocrx_word' id='word_1_159' title='bbox 359 2654 522 2751; x_wconf 86' lang='lat' dir='ltr'>conspici</span> <span class='ocrx_word' id='word_1_160' title='bbox 554 2681 593 2726; x_wconf 91' lang='lat' dir='ltr'>se</span> <span class='ocrx_word' id='word_1_161' title='bbox 622 2656 783 2735; x_wconf 88' lang='lat' dir='ltr'>videbat,</span> <span class='ocrx_word' id='word_1_162' title='bbox 817 2656 882 2726; x_wconf 90' lang='lat' dir='ltr'>sed</span> <span class='ocrx_word' id='word_1_163' title='bbox 912 2656 1032 2727; x_wconf 90' lang='lat' dir='ltr'>crucis</span> <span class='ocrx_word' id='word_1_164' title='bbox 1060 2656 1187 2727; x_wconf 86' lang='lat' dir='ltr'>affixio</span> <span class='ocrx_word' id='word_1_165' title='bbox 1208 2656 1373 2727; x_wconf 86' lang='lat' dir='ltr'>terrebat</span> 
     </span>
     <span class='ocr_line' id='line_1_22' title="bbox 250 2762 1372 2858; baseline 0.002 -26"><span class='ocrx_word' id='word_1_166' title='bbox 250 2763 434 2833; x_wconf 89' lang='lat' dir='ltr'>eumdem.</span> <span class='ocrx_word' id='word_1_167' title='bbox 493 2762 656 2833; x_wconf 83' lang='lat' dir='ltr'>Sollicita</span> <span class='ocrx_word' id='word_1_168' title='bbox 687 2779 811 2833; x_wconf 85' lang='lat' dir='ltr'>mente</span> <span class='ocrx_word' id='word_1_169' title='bbox 841 2763 998 2833; x_wconf 87' lang='lat' dir='ltr'>revolvit</span> <span class='ocrx_word' id='word_1_170' title='bbox 1027 2762 1114 2858; x_wconf 92' lang='lat' dir='ltr'>quid</span> <span class='ocrx_word' id='word_1_171' title='bbox 1145 2779 1273 2857; x_wconf 88' lang='lat' dir='ltr'>posset</span> <span class='ocrx_word' id='word_1_172' title='bbox 1301 2763 1372 2834; x_wconf 93' lang='lat' dir='ltr'>hoc</span> 
     </span>
     <span class='ocr_line' id='line_1_23' title="bbox 250 2868 1373 2965; baseline -0.001 -24"><span class='ocrx_word' id='word_1_173' title='bbox 250 2868 440 2941; x_wconf 90' lang='lat' dir='ltr'>oraculum</span> <span class='ocrx_word' id='word_1_174' title='bbox 471 2868 679 2965; x_wconf 84' lang='lat' dir='ltr'>designare,</span> <span class='ocrx_word' id='word_1_175' title='bbox 706 2869 811 2940; x_wconf 90' lang='lat' dir='ltr'>etad</span> <span class='ocrx_word' id='word_1_176' title='bbox 832 2869 1118 2964; x_wconf 87' lang='lat' dir='ltr'>concipiendum</span> <span class='ocrx_word' id='word_1_177' title='bbox 1140 2870 1300 2963; x_wconf 86' lang='lat' dir='ltr'>aliquem</span> <span class='ocrx_word' id='word_1_178' title='bbox 1321 2868 1373 2940; x_wconf 85' lang='lat' dir='ltr'>in-</span> 
     </span>
     <span class='ocr_line' id='line_1_24' title="bbox 250 2974 1372 3070; baseline 0.002 -25"><span class='ocrx_word' id='word_1_179' title='bbox 250 2977 437 3047; x_wconf 86' lang='lat' dir='ltr'>tellectum</span> <span class='ocrx_word' id='word_1_180' title='bbox 476 2974 626 3070; x_wconf 89' lang='lat' dir='ltr'>spiritus</span> <span class='ocrx_word' id='word_1_181' title='bbox 654 2976 735 3047; x_wconf 87' lang='lat' dir='ltr'>eius</span> <span class='ocrx_word' id='word_1_182' title='bbox 762 2976 896 3047; x_wconf 83' lang='lat' dir='ltr'>anxius</span> <span class='ocrx_word' id='word_1_183' title='bbox 934 2976 1170 3047; x_wconf 89' lang='lat' dir='ltr'>reddebatur.</span> <span class='ocrx_word' id='word_1_184' title='bbox 1230 2974 1372 3047; x_wconf 89' lang='lat' dir='ltr'>Verum</span> 
     </span>
     <span class='ocr_line' id='line_1_25' title="bbox 252 3072 1445 3181; baseline 0 -29"><span class='ocrx_word' id='word_1_185' title='bbox 252 3083 339 3153; x_wconf 93' lang='lat' dir='ltr'>dum</span> <span class='ocrx_word' id='word_1_186' title='bbox 369 3098 475 3153; x_wconf 87' lang='lat' dir='ltr'>extra</span> <span class='ocrx_word' id='word_1_187' title='bbox 512 3108 551 3152; x_wconf 90' lang='lat' dir='ltr'>se</span> <span class='ocrx_word' id='word_1_188' title='bbox 581 3072 762 3154; x_wconf 85' lang='lat' dir='ltr'>circuiens</span> <span class='ocrx_word' id='word_1_189' title='bbox 790 3084 838 3154; x_wconf 91' lang='lat' dir='ltr'>ab</span> <span class='ocrx_word' id='word_1_190' title='bbox 869 3083 1082 3154; x_wconf 86' lang='lat' dir='ltr'>inventione</span> <span class='ocrx_word' id='word_1_191' title='bbox 1112 3082 1241 3154; x_wconf 85' lang='lat' dir='ltr'>defluit</span> <span class='ocrx_word' id='word_1_192' title='bbox 1269 3080 1374 3154; x_wconf 89' lang='lat' dir='ltr'>intel·</span> <span class='ocrx_word' id='word_1_193' title='bbox 1403 3116 1445 3181; x_wconf 81' lang='lat'>25</span> 
     </span>
     <span class='ocr_line' id='line_1_26' title="bbox 251 3187 1370 3284; baseline 0 -25"><span class='ocrx_word' id='word_1_194' title='bbox 251 3187 378 3269; x_wconf 90' lang='lat' dir='ltr'>lectus,</span> <span class='ocrx_word' id='word_1_195' title='bbox 402 3189 570 3284; x_wconf 88' lang='lat' dir='ltr'>protinus</span> <span class='ocrx_word' id='word_1_196' title='bbox 600 3190 635 3260; x_wconf 93' lang='lat' dir='ltr'>in</span> <span class='ocrx_word' id='word_1_197' title='bbox 666 3189 789 3284; x_wconf 91' lang='lat' dir='ltr'>seipso</span> <span class='ocrx_word' id='word_1_198' title='bbox 819 3189 887 3260; x_wconf 91' lang='lat' dir='ltr'>sibi</span> <span class='ocrx_word' id='word_1_199' title='bbox 909 3189 977 3284; x_wconf 88' lang='lat' dir='ltr'>ipsi</span> <span class='ocrx_word' id='word_1_200' title='bbox 996 3187 1208 3261; x_wconf 76' lang='lat' dir='ltr'>manifestat</span> <span class='ocrx_word' id='word_1_201' title='bbox 1227 3214 1370 3261; x_wconf 76' lang='lat' dir='ltr'>sensus,</span> 
     </span>
     <span class='ocr_line' id='line_1_27' title="bbox 251 3295 1374 3392; baseline 0.001 -26"><span class='ocrx_word' id='word_1_202' title='bbox 251 3295 384 3367; x_wconf 86' lang='lat' dir='ltr'>Statim</span> <span class='ocrx_word' id='word_1_203' title='bbox 413 3296 511 3367; x_wconf 89' lang='lat' dir='ltr'>enim</span> <span class='ocrx_word' id='word_1_204' title='bbox 542 3312 746 3391; x_wconf 89' lang='lat' dir='ltr'>coeperunt</span> <span class='ocrx_word' id='word_1_205' title='bbox 776 3295 812 3366; x_wconf 91' lang='lat' dir='ltr'>in</span> <span class='ocrx_word' id='word_1_206' title='bbox 842 3296 1013 3367; x_wconf 89' lang='lat' dir='ltr'>manibus</span> <span class='ocrx_word' id='word_1_207' title='bbox 1048 3296 1128 3368; x_wconf 88' lang='lat' dir='ltr'>eius</span> <span class='ocrx_word' id='word_1_208' title='bbox 1157 3312 1194 3368; x_wconf 91' lang='lat' dir='ltr'>et</span> <span class='ocrx_word' id='word_1_209' title='bbox 1213 3295 1374 3392; x_wconf 89' lang='lat' dir='ltr'>pedibus</span> 
     </span>
     <span class='ocr_line' id='line_1_28' title="bbox 250 3402 1373 3499; baseline -0.002 -23"><span class='ocrx_word' id='word_1_210' title='bbox 250 3428 432 3498; x_wconf 86' lang='lat' dir='ltr'>apparere</span> <span class='ocrx_word' id='word_1_211' title='bbox 453 3403 561 3499; x_wconf 79' lang='lat' dir='ltr'>signa</span> <span class='ocrx_word' id='word_1_212' title='bbox 591 3406 791 3486; x_wconf 85' lang='lat' dir='ltr'>clavorum,</span> <span class='ocrx_word' id='word_1_213' title='bbox 815 3402 1132 3497; x_wconf 89' lang='lat' dir='ltr'>quemadmodum</span> <span class='ocrx_word' id='word_1_214' title='bbox 1154 3403 1264 3498; x_wconf 93' lang='lat' dir='ltr'>paulo</span> <span class='ocrx_word' id='word_1_215' title='bbox 1284 3418 1373 3474; x_wconf 89' lang='lat' dir='ltr'>ante</span> 
     </span>
     <span class='ocr_line' id='line_1_29' title="bbox 251 3509 1374 3604; baseline 0.001 -24"><span class='ocrx_word' id='word_1_216' title='bbox 251 3509 368 3581; x_wconf 92' lang='lat' dir='ltr'>virum</span> <span class='ocrx_word' id='word_1_217' title='bbox 396 3536 509 3604; x_wconf 88' lang='lat' dir='ltr'>supra</span> <span class='ocrx_word' id='word_1_218' title='bbox 537 3536 577 3581; x_wconf 91' lang='lat' dir='ltr'>se</span> <span class='ocrx_word' id='word_1_219' title='bbox 608 3510 750 3581; x_wconf 88' lang='lat' dir='ltr'>viderat</span> <span class='ocrx_word' id='word_1_220' title='bbox 779 3510 814 3580; x_wconf 94' lang='lat' dir='ltr'>in</span> <span class='ocrx_word' id='word_1_221' title='bbox 843 3535 930 3582; x_wconf 90' lang='lat' dir='ltr'>aere</span> <span class='ocrx_word' id='word_1_222' title='bbox 951 3510 1177 3581; x_wconf 87' lang='lat' dir='ltr'>crucifixum.</span> <span class='ocrx_word' id='word_1_223' title='bbox 1235 3509 1374 3581; x_wconf 88' lang='lat' dir='ltr'>Manus</span> 
     </span>
     <span class='ocr_line' id='line_1_30' title="bbox 251 3615 1451 3715; baseline 0.001 -28"><span class='ocrx_word' id='word_1_224' title='bbox 251 3633 289 3688; x_wconf 92' lang='lat' dir='ltr'>et</span> <span class='ocrx_word' id='word_1_225' title='bbox 308 3617 425 3711; x_wconf 84' lang='lat' dir='ltr'>pedes</span> <span class='ocrx_word' id='word_1_226' title='bbox 445 3617 523 3688; x_wconf 88' lang='lat' dir='ltr'>eius</span> <span class='ocrx_word' id='word_1_227' title='bbox 544 3617 580 3687; x_wconf 95' lang='lat' dir='ltr'>in</span> <span class='ocrx_word' id='word_1_228' title='bbox 600 3615 681 3712; x_wconf 90' lang='lat' dir='ltr'>ipso</span> <span class='ocrx_word' id='word_1_229' title='bbox 711 3617 835 3687; x_wconf 86' lang='lat' dir='ltr'>medlo</span> <span class='ocrx_word' id='word_1_230' title='bbox 865 3617 979 3689; x_wconf 87' lang='lat' dir='ltr'>clavis</span> <span class='ocrx_word' id='word_1_231' title='bbox 1007 3616 1177 3688; x_wconf 82' lang='lat' dir='ltr'>confixae</span> <span class='ocrx_word' id='word_1_232' title='bbox 1196 3615 1374 3688; x_wconf 88' lang='lat' dir='ltr'>videban·</span> <span class='ocrx_word' id='word_1_233' title='bbox 1406 3651 1451 3715; x_wconf 87' lang='lat'>30</span> 
     </span>
     <span class='ocr_line' id='line_1_31' title="bbox 251 3721 1373 3819; baseline 0 -25"><span class='ocrx_word' id='word_1_234' title='bbox 251 3731 319 3807; x_wconf 87' lang='lat' dir='ltr'>tur,</span> <span class='ocrx_word' id='word_1_235' title='bbox 352 3723 540 3795; x_wconf 86' lang='lat' dir='ltr'>clavorum</span> <span class='ocrx_word' id='word_1_236' title='bbox 571 3723 754 3818; x_wconf 86' lang='lat' dir='ltr'>capitibus</span> <span class='ocrx_word' id='word_1_237' title='bbox 783 3721 818 3794; x_wconf 93' lang='lat' dir='ltr'>in</span> <span class='ocrx_word' id='word_1_238' title='bbox 850 3722 1012 3795; x_wconf 89' lang='lat' dir='ltr'>interiori</span> <span class='ocrx_word' id='word_1_239' title='bbox 1048 3742 1153 3819; x_wconf 89' lang='lat' dir='ltr'>parte</span> <span class='ocrx_word' id='word_1_240' title='bbox 1195 3747 1373 3794; x_wconf 90' lang='lat' dir='ltr'>manuum</span> 
     </span>
     <span class='ocr_line' id='line_1_32' title="bbox 250 3814 1374 3926; baseline -0.002 -25"><span class='ocrx_word' id='word_1_241' title='bbox 250 3847 288 3902; x_wconf 91' lang='lat' dir='ltr'>et</span> <span class='ocrx_word' id='word_1_242' title='bbox 316 3830 497 3925; x_wconf 86' lang='lat' dir='ltr'>superiori</span> <span class='ocrx_word' id='word_1_243' title='bbox 519 3831 655 3924; x_wconf 88' lang='lat' dir='ltr'>pedum</span> <span class='ocrx_word' id='word_1_244' title='bbox 685 3829 961 3926; x_wconf 89' lang='lat' dir='ltr'>apparentibus,</span> <span class='ocrx_word' id='word_1_245' title='bbox 981 3846 1018 3901; x_wconf 90' lang='lat' dir='ltr'>et</span> <span class='ocrx_word' id='word_1_246' title='bbox 1038 3855 1166 3902; x_wconf 91' lang='lat' dir='ltr'>eorum</span> <span class='ocrx_word' id='word_1_247' title='bbox 1197 3814 1374 3901; x_wconf 82' lang='lat' dir='ltr'>acumiiri·</span> 
     </span>
     <span class='ocr_line' id='line_1_33' title="bbox 250 3935 1373 4033; baseline 0 -26"><span class='ocrx_word' id='word_1_248' title='bbox 250 3938 320 4008; x_wconf 89' lang='lat' dir='ltr'>bus</span> <span class='ocrx_word' id='word_1_249' title='bbox 350 3936 614 4009; x_wconf 83' lang='lat' dir='ltr'>exsistentibus</span> <span class='ocrx_word' id='word_1_250' title='bbox 644 3964 690 4008; x_wconf 85' lang='lat' dir='ltr'>ex</span> <span class='ocrx_word' id='word_1_251' title='bbox 720 3938 890 4008; x_wconf 87' lang='lat' dir='ltr'>adverso.</span> <span class='ocrx_word' id='word_1_252' title='bbox 962 3937 1153 4033; x_wconf 89' lang='lat' dir='ltr'>Erantque</span> <span class='ocrx_word' id='word_1_253' title='bbox 1183 3935 1373 4009; x_wconf 89' lang='lat' dir='ltr'>clavorum</span> 
     </span>
     <span class='ocr_line' id='line_1_34' title="bbox 251 4041 1375 4141; baseline -0.001 -27"><span class='ocrx_word' id='word_1_254' title='bbox 251 4046 373 4140; x_wconf 89' lang='lat' dir='ltr'>capita</span> <span class='ocrx_word' id='word_1_255' title='bbox 394 4044 429 4114; x_wconf 92' lang='lat' dir='ltr'>in</span> <span class='ocrx_word' id='word_1_256' title='bbox 460 4044 630 4115; x_wconf 87' lang='lat' dir='ltr'>manibus</span> <span class='ocrx_word' id='word_1_257' title='bbox 649 4060 687 4115; x_wconf 89' lang='lat' dir='ltr'>et</span> <span class='ocrx_word' id='word_1_258' title='bbox 708 4044 865 4139; x_wconf 88' lang='lat' dir='ltr'>pedibus</span> <span class='ocrx_word' id='word_1_259' title='bbox 894 4044 1054 4115; x_wconf 88' lang='lat' dir='ltr'>rotunda</span> <span class='ocrx_word' id='word_1_260' title='bbox 1074 4061 1111 4116; x_wconf 94' lang='lat' dir='ltr'>et</span> <span class='ocrx_word' id='word_1_261' title='bbox 1138 4045 1253 4141; x_wconf 84' lang='lat' dir='ltr'>nigra,</span> <span class='ocrx_word' id='word_1_262' title='bbox 1276 4041 1375 4139; x_wconf 85' lang='lat' dir='ltr'>ipso·</span> 
     </span>
     <span class='ocr_line' id='line_1_35' title="bbox 252 4150 1450 4252; baseline 0.002 -32"><span class='ocrx_word' id='word_1_263' title='bbox 252 4176 331 4220; x_wconf 91' lang='lat' dir='ltr'>rum</span> <span class='ocrx_word' id='word_1_264' title='bbox 362 4174 452 4221; x_wconf 84' lang='lat' dir='ltr'>uero</span> <span class='ocrx_word' id='word_1_265' title='bbox 481 4150 652 4222; x_wconf 88' lang='lat' dir='ltr'>acumina</span> <span class='ocrx_word' id='word_1_266' title='bbox 680 4152 846 4247; x_wconf 82' lang='lat' dir='ltr'>oblonga</span> <span class='ocrx_word' id='word_1_267' title='bbox 875 4168 913 4222; x_wconf 85' lang='lat' dir='ltr'>et</span> <span class='ocrx_word' id='word_1_268' title='bbox 941 4176 1169 4247; x_wconf 85' lang='lat' dir='ltr'>repercussa,</span> <span class='ocrx_word' id='word_1_269' title='bbox 1200 4175 1295 4246; x_wconf 88' lang='lat' dir='ltr'>quae</span> <span class='ocrx_word' id='word_1_270' title='bbox 1325 4151 1374 4222; x_wconf 92' lang='lat' dir='ltr'>de</span> <span class='ocrx_word' id='word_1_271' title='bbox 1408 4187 1450 4252; x_wconf 79' lang='lat'>35</span> 
     </span>
    </p>
   </div>
   <div class='ocr_carea' id='block_1_2' title="bbox 324 4383 599 4450">
    <p class='ocr_par' dir='ltr' id='par_1_4' title="bbox 324 4383 599 4450">
     <span class='ocr_line' id='line_1_36' title="bbox 324 4383 599 4450; baseline 0.011 -18"><span class='ocrx_word' id='word_1_272' title='bbox 324 4399 348 4450; x_wconf 69' lang='lat' dir='ltr'>t).</span> <span class='ocrx_word' id='word_1_273' title='bbox 371 4383 422 4433; x_wconf 70' lang='lat' dir='ltr'>,lli</span> <span class='ocrx_word' id='word_1_274' title='bbox 442 4384 599 4437; x_wconf 80' lang='lat' dir='ltr'>huiusmodi</span> 
     </span>
    </p>
   </div>
   <div class='ocr_carea' id='block_1_3' title="bbox 0 0 1580 4875">
    <p class='ocr_par' dir='ltr' id='par_1_5' title="bbox 0 0 1580 4875">
     <span class='ocr_line' id='line_1_37' title="bbox 0 0 1580 4875; baseline 0 0"><span class='ocrx_word' id='word_1_275' title='bbox 0 0 1580 4875; x_wconf 95' lang='lat' dir='ltr'> </span> 
     </span>
    </p>
   </div>
  </div>
 </body>
</html>
