3142 4875
254 317 328 400 246
630 338 800 386 [annuus
829 337 994 384 sneuxun

762 443 1369 451 -.-—-—.-.-..--————-—.-—.

245 569 331 642 dem
361 571 569 643 abscedens
602 570 696 643 orari
734 595 802 666 pro
836 596 875 641 se
905 569 1091 642 humiliter
1119 569 1235 665 petiit.
1298 570 1370 642 Cui

245 678 438 773 respondit
457 694 608 750 sanctus
632 678 872 751 Franciscus:
905 677 1046 757 Orabo‚
1068 675 1231 760 domine,
1254 676 1370 749 liben-

245 801 312 858 ter.
372 785 506 856 Parum
524 784 648 880 itaque
669 785 886 856 discedente
903 785 1038 856 abbate
1058 809 1080 856 a
1099 801 1229 856 sancto
1249 784 1278 855 F
1284 809 1369 856 ran-

246 892 355 976 cisco,
387 891 481 962 dixit
522 909 673 963 sanctus
716 891 763 963 ad
797 889 963 963 socium:
1004 890 1204 987 Exspecta.
1242 892 1365 972 frater,

245 1024 388 1095 parum‚
407 999 494 1093 quia
509 997 674 1070 debitum
691 997 776 1069 volo
793 997 937 1069 solvere
953 998 1054 1093 quod
1069 996 1233 1093 promisi.
1283 998 1369 1069 Mos
1400 1023 1416 1084 5

246 1106 345 1177 enim
361 1105 430 1176 iste
447 1130 595 1201 semper
615 1105 680 1202 [ei]
700 1104 776 1188 luit,
791 1121 830 1175 ut
845 1104 1051 1176 orationem
1068 1103 1277 1200 postulatus
1294 1129 1367 1176 non

245 1233 330 1310 post
360 1230 508 1309 tergum
538 1212 745 1308 proiiccret,
776 1212 844 1282 sed
874 1210 948 1282 cito
977 1211 1188 1283 huiusmodi
1209 1210 1368 1307 promis-

246 1346 327 1390 sum
358 1318 538 1414 impleret.
598 1319 738 1391 Sancto
758 1318 884 1414 itaque
904 1317 1136 1414 supplicante
1160 1319 1208 1389 ad
1229 1318 1365 1398 Deum,

246 1427 370 1497 subito
399 1426 516 1496 abbas
550 1424 609 1498 ille
639 1423 826 1497 insolitum
861 1424 1022 1495 calorem
1058 1440 1097 1496 et
1132 1423 1369 1496 dulcedinem

247 1532 427 1604 hactenus
461 1531 693 1627 inexpertam
724 1532 836 1603 sentit
866 1531 901 1601 in
932 1531 1071 1627 spiritu.
1113 1532 1163 1604 ita
1199 1532 1301 1626 quod
1331 1531 1367 1602 in
1405 1552 1444 1597 10

247 1664 403 1711 excessu
433 1639 567 1710 mentis
589 1638 716 1720 lactus,
735 1655 835 1710 totus
864 1662 887 1709 a
915 1663 955 1710 se
983 1638 1145 1710 delicere
1168 1638 1268 1710 visus
1290 1638 1366 1710 suit.

247 1745 403 1817 Parvula
433 1744 575 1830 morula
594 1738 767 1826 substitit,
799 1760 837 1816 et
866 1744 900 1815 in
931 1770 971 1815 se
1000 1749 1173 1817 reversus
1193 1745 1369 1817 virtutem

247 1851 424 1924 orationis
454 1851 570 1923 sancti
601 1851 789 1924 Francisci
810 1852 999 1948 cognovit.
1057 1851 1189 1925 Maiori
1211 1850 1369 1947 proinde

247 1959 344 2032 circa
380 1960 549 2031 ordinem
593 1984 742 2054 semper
780 1983 909 2030 amore
946 1958 1127 2055 flagravit,
1168 1957 1368 2053 multisque

248 2067 383 2138 lactum
405 2091 473 2162 pro
494 2064 671 2137 miraculo
693 2065 826 2136 retulit.
884 2064 992 2137 Talia
1015 2066 1125 2138 decet
1147 2090 1275 2136 servos
1295 2064 1367 2137 Dei
1405 2086 1442 2149 15

247 2173 282 2245 in
305 2173 463 2244 invicem
484 2173 654 2243 conferre
680 2171 951 2269 mu[nu]scula;
974 2172 1057 2243 talis
1079 2173 1173 2244 inter
1193 2197 1259 2243 eos
1280 2197 1370 2243 con·

247 2281 348 2351 venit
378 2279 452 2351 dati
483 2297 520 2350 et
549 2279 692 2374 accepti
722 2280 946 2351 communio.
991 2279 1150 2350 Sanctus
1168 2304 1275 2351 amor
1295 2277 1366 2359 ille,

248 2387 310 2483 qui
339 2386 524 2458 interdum
554 2385 688 2459 dicitur
716 2383 898 2482 specialis,
929 2386 1048 2458 fructu
1077 2386 1255 2459 orationis
1283 2412 1370 2457 con-

248 2512 373 2566 tentus
402 2510 476 2574 est;
508 2510 656 2565 terrena
686 2495 904 2565 munuscula
933 2493 1092 2565 charitas
1121 2492 1366 2589 parvipendit.

227 2602 379 2673 xIuvare
408 2616 445 2672 et
474 2600 588 2672 iuvari
620 2601 654 2671 in
685 2599 782 2671 bello
811 2599 1001 2696 spirituali,
1039 2601 1303 2673 commendare
1331 2616 1371 2672 et
1402 2620 1446 2666 20

248 2708 500 2780 commendari
530 2723 617 2779 ante
646 2707 806 2779 tribunal
828 2706 966 2778 Christi
987 2707 1104 2779 sancti
1125 2707 1264 2781 amoris
1286 2732 1370 2778 esse

247 2815 438 2911 proprium
468 2814 592 2887 credo.
651 2815 726 2886 Sed
756 2839 950 2909 quousque
973 2839 1056 2885 eum
1079 2839 1210 2887 censes
1231 2813 1267 2886 in
1288 2839 1370 2886 ora·

247 2922 387 2993 tionem
418 2922 681 3004 conscendere,
717 2922 780 3016 qui
817 2921 868 2993 sic
897 2920 1009 2993 alium
1039 2922 1159 3017 potuit
1188 2922 1263 2993 suis
1292 2946 1370 2992 me-

248 3029 327 3101 ritis
356 3027 532 3101 elevare?

279 3324 364 3416 [De
399 3322 661 3394 intellectu
697 3322 857 3394 sancti
893 3320 937 3393 in
974 3322 1125 3393 sacris
1158 3320 1344 3392 litteris
1401 3349 1442 3414 25

373 3454 416 3511 et
444 3438 604 3509 virtute
632 3438 861 3509 verborum
891 3437 1015 3535 eius].
1073 3436 1240 3508 LXVlll.

337 3657 418 3705 102.
452 3633 634 3727 Quamvis
677 3636 789 3704 homo
831 3632 901 3705 iste
943 3635 1075 3706 beatus
1113 3632 1220 3706 nullis
1260 3635 1369 3706 suerit

249 3742 426 3815 scientiae
446 3740 577 3813 studiis
597 3740 804 3823 innutritus
820 3757 943 3812 tamen
965 3766 1062 3836 quae
1076 3742 1124 3813 de
1144 3767 1290 3813 sursum
1311 3757 1370 3813 est

250 3875 272 3921 a
300 3849 385 3920 Deo
401 3846 621 3943 sapientiam
637 3847 796 3931 discens,
813 3864 851 3919 et
865 3862 1042 3920 aeternae
1061 3849 1153 3920 lueis
1173 3847 1370 3921 irradiatus

250 3954 457 4053 fulgoribus
478 3955 524 4027 de
545 3953 735 4050 scripturis
756 3979 829 4026 non
850 3953 974 4026 infime
998 3955 1192 4027 sentiebat.
1252 3956 1369 4026 Pene-
1404 3989 1445 4054 30

327 4165 347 4217 3.
369 4148 387 4198 R
403 4149 434 4199 ab
450 4149 542 4201 abbate
556 4161 650 4200 sancto
723 4147 747 4200 6.
762 4149 786 4200 A
801 4167 849 4201 om.
863 4148 887 4200 ei
964 4165 1002 4202 12.
1025 4150 1053 4201 ‚ll
1073 4149 1157 4200 Parra
1235 4165 1273 4214 14.
1289 4150 1308 4201 R
1323 4167 1373 4201 om*

252 4243 359 4296 semper
435 4243 526 4293 1544.
542 4230 570 4280 ‚tl
583 4246 632 4280 om.
649 4228 727 4281 Talia
739 4230 873 4281 -elevare
950 4228 987 4281 16.
1002 4230 1026 4280 A
1041 4228 1163 4280 muscula
1238 4228 1332 4295 25-26.
1346 4231 1371 4281 A

253 4324 302 4358 om.
322 4307 418 4357 titulum
438 4309 481 4376 qui
499 4308 635 4360 destituitur
653 4327 682 4360 er
704 4311 862 4372 Rubrum,
882 4309 933 4361 nid.
953 4319 1004 4378 sup.
1023 4319 1048 4378 ρ.
1069 4310 1126 4361 160.
1213 4308 1253 4361 26.
1274 4310 1304 4361 ,ll
1323 4326 1371 4361 orn.

256 4384 377 4435 et-eius
453 4402 492 4453 30.
512 4389 538 4438 ,tl
554 4386 647 4437 intima
