3142 4875
217 250 291 340 396
519 271 728 321 micturus
757 272 804 321 na
823 272 1027 322 minuemus

214 381 419 388 ...—-——-.---
433 381 491 387 ——..
1075 380 1336 387 —--—-—--

212 505 327 601 reptis
355 505 435 576 viro
463 531 547 577 curn
577 505 715 578 semina
735 520 772 577 et
791 507 872 579 sine
901 506 1078 580 dilatione
1097 506 1336 605 reintegran-

210 611 308 684 tibus
338 629 474 694 votum,
513 611 685 684 misertus
713 629 771 685 est
800 631 962 696 sanctus,
997 614 1084 710 quia
1123 614 1335 687 misericors

211 744 360 814 semper
397 719 472 802 luit,
504 734 542 791 et
575 720 743 792 membra
780 722 986 816 poenitenti
1022 719 1193 802 restituit,
1234 745 1336 817 quae

210 825 414 898 abstulerat
451 826 716 899 contemnenti.
775 826 838 900 Sic
867 853 989 924 poena
1027 844 1222 924 peccatum
1252 828 1335 900 vul-

210 950 336 1029 gante,
367 932 580 1029 exemplum
611 932 651 1004 fit
680 931 812 1006 mulier
848 934 1021 1007 omnibus
1048 933 1111 1031 qui
1139 950 1227 1007 vota
1257 960 1332 1007 non
1368 950 1384 1011 5

210 1055 370 1120 servant,
403 1057 439 1112 et
467 1040 579 1111 timor
615 1038 685 1111 hiis
713 1040 775 1135 qui
810 1057 1023 1114 sanctorum
1062 1041 1156 1113 festa
1192 1040 1334 1114 violare

213 1161 465 1242 praesumunt.

290 1276 351 1343 99.
384 1254 423 1324 ln
453 1251 603 1325 civitate
632 1253 829 1326 Tiburtina
850 1254 1042 1326 cuiusdam
1072 1253 1202 1326 iudicis
1222 1279 1331 1340 uxor,

209 1386 294 1431 cum
322 1385 391 1432 sex
420 1358 512 1432 filias
541 1359 758 1456 peperisset,
792 1360 905 1433 nimio
934 1360 1056 1433 surore
1086 1362 1244 1442 turbata,
1269 1363 1331 1433 de·

209 1466 324 1540 crevit
352 1492 374 1568 a
403 1467 482 1539 viro
514 1466 666 1538 ulterius
694 1467 893 1550 abstinere,
927 1467 1057 1540 nolens
1085 1469 1252 1540 culturae
1279 1467 1332 1539 in·
1368 1482 1409 1526 10

209 1575 351 1656 sistere,
380 1573 485 1645 cuius
515 1573 653 1646 lructus
682 1572 831 1670 penitus
859 1575 1082 1671 displiceret.
1142 1574 1332 1647 Horrebat

156 1666 169 1682 ⁵
210 1681 340 1754 mulier
368 1705 517 1776 semper
545 1705 677 1776 parere
702 1681 867 1763 seminas,
887 1698 925 1753 et
953 1681 1066 1753 virilis
1095 1706 1208 1753 sexus
1235 1682 1331 1754 desi-

209 1788 313 1858 derio
347 1787 503 1884 fatigata
524 1787 595 1859 Dei
626 1812 777 1884 quoque
803 1787 977 1884 placitum
998 1788 1192 1884 arguebat.
1243 1789 1331 1860 Non

208 1911 265 1966 est
283 1919 398 1990 aegre
418 1892 613 1966 ferendum
634 1893 822 1976 iudicium,
846 1894 946 1990 quod
967 1893 1235 1991 omnipotentis
1255 1894 1329 1966 Dei

208 2001 354 2098 legibus
384 2000 499 2072 fertur
519 2000 553 2071 in
576 2001 759 2079 homines,
815 2001 944 2097 ltaque
965 2027 1050 2073 cum
1070 2000 1330 2098 indignatione
1367 2020 1404 2084 15

208 2132 275 2204 per
302 2132 440 2180 annum
462 2133 503 2179 se
522 2135 545 2179 a
565 2107 644 2180 viro
670 2108 822 2204 proprio
851 2106 1052 2203 separavit,
1108 2107 1223 2180 Paulo
1244 2123 1331 2203 post

208 2212 436 2310 poenitentia
464 2214 586 2297 ducta,
618 2215 698 2286 viro
733 2240 802 2287 suo
831 2213 1060 2287 reconciliari
1090 2212 1327 2311 praecipitur,

209 2346 328 2394 suasa
346 2346 369 2393 a
397 2321 612 2393 confessore
642 2338 682 2392 ut
710 2346 731 2393 a
759 2322 871 2394 beato
892 2321 1093 2393 Francisco
1122 2320 1235 2392 filium
1265 2347 1331 2418 po·

207 2426 372 2511 stularet,
403 2425 460 2500 cui
481 2429 720 2524 postmodum
742 2427 930 2502 Francisci
948 2454 1084 2502 nomen
1106 2427 1328 2526 imponeret,

208 2535 312 2607 cuius
340 2561 425 2607 eum
447 2534 587 2607 meritis
606 2535 843 2632 suscepisset.
903 2536 1087 2632 Concepit
1117 2560 1190 2608 nou
1212 2537 1330 2609 multo
1362 2556 1406 2602 20

208 2658 292 2737 post
322 2641 452 2714 mulier
481 2642 541 2715 illa
569 2659 606 2715 et
635 2642 809 2740 geminos
837 2644 869 2715 ei
890 2667 1021 2738 parere
1041 2642 1155 2725 dedit,
1178 2641 1239 2739 qui
1260 2668 1330 2739 pro

208 2775 282 2822 uno
310 2750 391 2822 solo
420 2750 539 2821 luerat
567 2765 753 2822 exoratus.
813 2749 956 2821 Horum
978 2775 1073 2821 unus
1093 2748 1325 2831 FranciscuS,

206 2855 299 2929 alter
327 2882 415 2928 vero
446 2855 589 2928 Blasius
617 2872 675 2928 est
702 2872 868 2929 vocatus,

293 2985 375 3034 100.
409 2964 447 3034 ln
477 2963 626 3034 civitate
656 2962 932 3035 Cenomanensi
961 2961 1188 3035 nobilissima
1216 2986 1328 3057 quae·

207 3071 293 3142 dam
323 3069 525 3166 ignobilem
546 3069 708 3142 habebat
730 3068 915 3151 famulam,
940 3095 1050 3165 quam
1073 3069 1108 3140 in
1129 3070 1225 3141 sesto
1245 3094 1327 3140 san·
1358 3088 1402 3154 25

207 3177 254 3249 cti
286 3174 473 3249 Francisci
493 3175 542 3248 ad
561 3202 657 3273 opus
676 3176 809 3249 servile
831 3177 1002 3274 cogebat.
1051 3175 1180 3248 Arilla
1200 3194 1327 3248 mente

208 3284 366 3355 nobilior
394 3300 547 3379 propter
575 3283 648 3354 diei
678 3283 924 3355 reverentiam
955 3285 1077 3356 lacere
1117 3283 1324 3354 recusabat.

206 3391 281 3462 Sed
310 3389 518 3487 praevaluit
545 3389 656 3462 timor
684 3389 868 3462 humanus
896 3390 1022 3462 divino
1056 3387 1189 3471 timori,
1212 3404 1250 3459 et
1278 3389 1327 3460 ad

209 3497 434 3579 mandatum,
458 3496 542 3569 licet
572 3496 695 3580 invita,
727 3496 850 3593 puella
870 3523 910 3569 se
930 3495 1086 3569 subiicit.
1145 3495 1327 3568 Extendit

206 3630 338 3676 manus
366 3603 413 3679 ad
450 3602 582 3685 colum,
615 3621 653 3675 et
690 3603 795 3699 digiti
827 3604 947 3675 fusum
985 3602 1181 3698 accipiunt.
1250 3601 1327 3675 Sed
1359 3621 1400 3684 30

204 3713 328 3784 statim
359 3735 491 3782 manus
520 3712 643 3807 rigent
672 3709 873 3793 doloribus,
897 3726 934 3782 et
963 3708 1154 3781 immensis
1182 3708 1327 3782 ardori-

204 3821 273 3890 bus
293 3816 398 3915 digiti
420 3818 641 3890 cruciantur.
701 3816 913 3889 Publicatur
933 3816 1041 3912 culpa
1061 3842 1129 3913 per
1149 3842 1323 3913 poenam,

203 3928 293 3997 dum
313 3925 452 3998 doloris
466 3924 650 3997 acerbitas
666 3924 851 3996 silentium
874 3949 947 3996 non
967 3923 1140 3996 admittit.
1201 3923 1327 3995 Currit

203 4036 250 4105 ad
281 4031 375 4104 filios
417 4032 533 4103 sancti
564 4031 751 4103 Francisci
781 4030 928 4113 famula,
960 4029 1102 4103 revelat
1130 4029 1322 4113 offensam,

204 4163 365 4234 poenam
386 4138 558 4219 ostendit,
586 4138 733 4210 veniam
763 4137 935 4234 postulat.
996 4137 1326 4210 processionaliter
1357 4155 1396 4221 35

204 4245 329 4336 itaque
359 4243 489 4314 fratres
518 4244 565 4315 ad
595 4245 791 4316 ecclesiam
814 4246 962 4325 vadunt,
995 4259 1033 4316 et
1052 4269 1121 4341 pro
1142 4241 1236 4315 illius
1265 4268 1326 4314 sa-

203 4348 281 4418 lute
301 4346 416 4418 sancti
438 4348 625 4420 Francisci
646 4349 882 4423 clementiam
902 4350 1163 4447 deprecantur.
1222 4350 1324 4421 Inco-
