3142 4875
621 392 727 441 nean
755 392 942 442 rnnucrsffl
1269 391 1340 462 195

1182 501 1343 510 ...—

218 640 346 698 tamen
376 624 532 721 impedit
563 625 735 723 angelica
771 626 881 698 turba
918 624 1115 699 caelorum.
1174 626 1340 699 Tantum

221 757 269 803 ne
288 730 421 828 fugias,
444 747 482 804 et
500 732 598 804 vitae
618 757 797 805 coronam
816 732 935 823 fidelis
955 759 1073 829 usque
1101 733 1150 805 ad
1179 750 1338 806 mortem

219 853 390 935 accipito
1074 843 1081 852 “

471 1089 473 1094 ’
509 1078 664 1172 [Simile
690 1079 733 1149 o’e
760 1078 837 1150 olio
864 1079 1052 1174 quodam]

168 1290 188 1353 5
304 1288 366 1357 34.
382 1263 497 1337 Paulo
513 1280 599 1361 post
614 1289 687 1336 non
704 1263 859 1336 multum
871 1261 1048 1336 dissimile
1064 1263 1100 1335 in
1116 1262 1189 1336 alio
1204 1263 1340 1336 evenit.

222 1372 329 1444 Unus
348 1371 481 1468 aliquis
504 1396 552 1443 ex
578 1371 751 1443 fratribus
776 1395 849 1443 non
879 1396 919 1443 se
946 1370 1086 1443 vicario
1114 1369 1233 1442 sancti
1258 1372 1342 1443 sub-

222 1479 346 1561 debat,
377 1478 445 1550 sed
478 1478 681 1574 quemdam
715 1476 827 1549 aliurn
860 1477 1012 1549 fratrem
1049 1478 1276 1573 sequebatur
1304 1494 1345 1549 ut

222 1583 412 1682 proprium
442 1600 737 1682 praeceptorem.
797 1583 964 1656 Monitus
983 1600 1108 1656 autem
1137 1609 1204 1679 per
1233 1583 1342 1656 inter·

224 1691 391 1763 nuntium
422 1717 444 1763 a
472 1707 612 1776 sanctu,
643 1689 705 1787 qui
735 1715 913 1786 praesens
941 1705 1032 1774 erat,
1063 1690 1258 1763 confestim
1295 1690 1344 1763 ad

151 1820 192 1866 ιο
222 1798 340 1894 pedes
368 1797 493 1870 vicarii
522 1823 562 1869 se
591 1796 756 1894 proiecit,
780 1813 818 1869 et
836 1796 957 1893 primo
985 1813 1231 1893 praeceptore
1256 1822 1344 1868 con-

221 1920 376 2001 tempto,
400 1903 448 1977 illi
469 1906 714 2001 obtemperat,
738 1929 851 2000 quent
879 1903 946 1997 [ei]
975 1919 1126 1975 sanctus
1155 1902 1346 1975 constituit

223 2012 259 2083 in
270 2010 488 2108 praelatum.
538 2009 698 2083 Sanctus
713 2028 839 2083 autem
855 2035 903 2081 ex
918 2009 993 2081 alto
1007 2010 1205 2106 suspirium
1218 2009 1342 2091 traxit,
1445 2034 1447 2038 ⁷

223 2134 261 2190 et
280 2119 382 2206 socio
402 2143 470 2189 suo
491 2143 603 2213 quem
618 2142 686 2213 pro
703 2116 930 2188 internuntio
949 2116 1100 2187 miserat
1115 2115 1224 2186 dixit:
1243 2113 1341 2199 Vidi,

223 2225 345 2307 lrater,
381 2224 570 2297 diabolum
603 2249 716 2320 super
747 2223 869 2295 fratris
901 2221 1151 2294 inobedientis
1179 2222 1341 2304 dorsum,

152 2351 190 2415 ις
223 2330 358 2404 collum
386 2330 466 2403 eius
494 2347 685 2402 tenentem
714 2329 943 2403 adstrictum.
1003 2328 1077 2424 Qui
1106 2329 1169 2400 tali
1198 2353 1344 2400 sessore

223 2440 409 2520 subactus,
448 2440 554 2511 freno
589 2436 826 2510 obedientiae
859 2452 996 2533 spreto,
1033 2434 1228 2508 instinctus
1265 2434 1345 2507 eius

223 2546 452 2642 sequebatur
479 2545 656 2617 habenas.
709 2545 759 2617 Et
788 2568 871 2616 cum
900 2569 1086 2641 rogarem,
1110 2542 1238 2638 inquit,
1268 2543 1345 2614 Do-

224 2652 365 2725 minum
384 2678 454 2748 pro
482 2652 603 2735 fratre,
628 2651 750 2723 subito
771 2652 931 2724 daemon
954 2650 1130 2723 contusus
1149 2649 1342 2722 abscessit.

224 2757 380 2832 Talibus
407 2761 463 2830 vir
491 2757 560 2830 iste
588 2757 741 2855 vigebat
761 2757 962 2837 obtutibus,
986 2757 1115 2829 oculos
1134 2757 1277 2828 habens
1297 2755 1345 2827 ad

151 2885 196 2932 20
225 2890 406 2961 corporea
425 2864 578 2947 debiles,
601 2865 649 2936 ad
668 2863 873 2961 spiritualia
892 2862 1140 2960 perspicaces.
1186 2863 1237 2934 Et
1256 2862 1346 2958 quid

225 2970 369 3051 mirum,
402 2971 430 3043 si
461 2972 558 3067 turpi
587 2970 731 3044 sarcina
759 2987 1030 3068 praegravetur
1059 2969 1120 3065 qui
1150 2970 1245 3043 serre
1271 2994 1345 3041 non

224 3078 302 3149 vult
330 3076 534 3150 Dominum
565 3077 795 3150 maiestatis?
838 3075 949 3160 Nihil,
974 3077 1135 3173 inquam,
1159 3075 1342 3148 medium:

224 3185 304 3257 Aut
331 3209 426 3257 onus
454 3184 536 3256 leve
565 3182 741 3280 portabis,
774 3208 848 3280 quo
878 3183 999 3281 magis
1025 3184 1104 3278 ipse
1123 3181 1342 3280 portaberis

224 3307 289 3364 aut
317 3293 414 3365 mola
448 3291 607 3363 asinaria
644 3289 739 3362 collo
774 3290 1135 3386 suspensa'sedebit
1172 3288 1347 3385 iniquitas

151 3415 195 3481 25
225 3422 338 3495 super
365 3398 545 3471 talentum
575 3397 728 3494 plumbi.

259 3710 462 3808 [Quomodo
480 3708 645 3781 homines
663 3709 707 3780 o’e
729 3708 883 3780 Groecr‘o
902 3734 925 3779 a
945 3707 1118 3803 luporum
1137 3704 1320 3777 morsibus

482 3835 515 3898 rt
527 3825 721 3922 grandine
741 3823 947 3919 liberavit]
1006 3822 1085 3894 Vll.

309 4063 369 4135 35.
401 4042 442 4113 ln
471 4039 554 4112 loco
582 4041 736 4112 fratrum
766 4040 815 4111 de
843 4036 1005 4111 Graecio
1031 4050 1181 4107 sanctus
1210 4032 1347 4130 placito

227 4150 452 4231 morabatur,
483 4162 561 4219 tum
591 4146 679 4242 quia
707 4160 930 4244 paupertate
965 4140 1117 4215 divitem
1155 4166 1239 4214 esse
1268 4165 1349 4212 cer-

298 4375 322 4428 7.
343 4360 372 4412 ,ll
390 4357 505 4411 alterurn
593 4372 632 4409 rr.
653 4356 689 4425 ei]
710 4355 734 4408 A
755 4353 794 4407 illi
870 4352 1130 4421 15.Robstrictum
1208 4366 1299 4422 ¹9·25·
1321 4351 1352 4404 M

226 4456 276 4492 om.
296 4436 548 4509 Talibus-plumbi
621 4451 663 4489 20.
683 4435 704 4488 R
724 4451 837 4506 corpora
911 4448 952 4505 29.
973 4435 1001 4487 ,ll
1020 4443 1206 4505 paupertatem
