3142 4875
590 345 798 394 TRACTATUS
826 346 873 394 DE
902 344 1095 394 MIRACULIS

282 578 396 675 gotiis
425 577 572 651 insimul
601 581 676 651 duo
706 580 901 660 accedunt,
928 579 1022 650 alter
1049 604 1178 652 eorum
1208 603 1326 674 usque
1355 582 1407 652 ad

285 686 412 757 mortis
433 685 574 757 exitum
596 686 810 758 infirmatur.
861 686 922 757 Ad
943 685 1047 757 cuius
1066 684 1238 758 solatium
1269 687 1406 758 medici

282 792 455 865 advocati
477 812 711 874 concurrunt,
737 793 804 865 sed
824 792 871 863 ad
892 791 972 864 eius
993 792 1190 864 sanitatem
1212 792 1301 864 nibil
1321 818 1403 888 pro·

281 898 418 970 ficiunt.
477 898 609 971 Socius
643 917 768 971 autem
808 898 1003 971 incolumis
1039 914 1169 971 sancto
1202 898 1406 971 Francisco

283 1004 493 1077 huiusmodi
523 1021 609 1077 vota
639 1023 759 1086 vovet,
794 1022 841 1088 ut,
874 1005 904 1077 si
933 1030 1050 1102 aeger
1069 1005 1149 1078 eius
1176 1004 1317 1077 meritis
1346 1032 1404 1078 su·
1437 1031 1455 1093 5

283 1113 414 1209 scipiat
443 1111 650 1194 sanitatem,
684 1113 818 1184 festum
856 1110 972 1209 ipsius
1009 1137 1173 1185 annuum
1211 1112 1246 1183 in
1277 1113 1404 1185 missa·

283 1245 362 1291 rum
393 1217 583 1290 solemniis
611 1219 838 1292 observaret.
910 1218 1066 1291 Emissis
1095 1219 1221 1314 itaque
1240 1219 1337 1292 votis
1366 1220 1403 1291 in
1501 1289 1504 1294 .

281 1326 436 1397 domum
472 1325 700 1422 regrediens,
740 1324 936 1408 infirmum,
969 1351 1081 1421 quem
1119 1325 1198 1397 sine
1236 1351 1330 1399 voce
1366 1343 1404 1398 et

283 1457 393 1503 sensu
425 1431 625 1527 reliquerat
653 1447 691 1503 et
728 1432 895 1504 debitum
924 1431 1178 1504 dissolutionis
1206 1448 1404 1529 putaverat

283 1539 354 1610 iam
385 1537 552 1620 subiisse,
584 1537 761 1635 pristinae
790 1538 898 1611 saluti
928 1539 1065 1635 reperit
1093 1537 1317 1615 restitutum.
1438 1562 1478 1608 ro

364 1651 423 1735 67.
457 1646 553 1716 Puer
580 1645 730 1740 quidam
761 1645 809 1717 de
838 1644 986 1718 civitate
1015 1645 1184 1729 Tuderti,
1217 1670 1284 1743 per
1315 1660 1401 1717 octo

282 1751 363 1823 dies
391 1751 495 1847 quasi
527 1768 693 1824 mortuus
722 1753 758 1823 in
789 1753 885 1824 lecto
914 1751 1050 1834 iacens,
1080 1777 1145 1824 ore
1174 1751 1322 1847 penitus
1350 1752 1402 1823 in-

283 1857 444 1931 tercluso
481 1873 519 1931 et
550 1858 690 1930 lumine
725 1859 917 1931 oculorum
954 1858 1111 1940 sublato,
1142 1877 1228 1931 cute
1264 1857 1398 1938 vultus,

283 1989 459 2037 manuum
489 1983 527 2036 et
555 1965 694 2061 pedum
722 1965 771 2038 ad
797 1967 948 2037 modum
969 1956 1098 2072 olla[e]
1119 1964 1282 2037 totaliter
1301 1964 1401 2037 deni-

215 2153 221 2163 ,
282 2092 399 2168 grata,
423 2072 470 2143 de
500 2096 566 2143 sua
596 2072 715 2143 salute
743 2072 792 2145 ab
821 2073 994 2144 omnibus
1014 2074 1245 2168 desperatus
1267 2072 1316 2144 ad
1340 2097 1402 2143 vo·
1438 2096 1479 2160 15

283 2194 359 2249 tum
391 2178 518 2250 matris
541 2203 632 2250 suae
660 2177 816 2251 mirabili
837 2177 1035 2252 velocitate
1054 2178 1252 2252 convaluit.
1312 2177 1399 2273 Qui,

283 2283 368 2356 licet
397 2284 597 2356 infantulus
626 2283 726 2381 loqui
757 2286 926 2370 nesciret,
959 2311 981 2358 a
1009 2288 1121 2359 beato
1144 2311 1184 2358 se
1205 2284 1401 2358 liberatum

284 2391 484 2464 Francisco
512 2408 638 2463 tamen
668 2391 911 2465 balbutiendo
938 2391 1097 2467 dicebat.

364 2500 424 2569 68.
458 2498 605 2571 iuvenis
634 2499 797 2595 quidam,
821 2526 904 2574 cum
934 2499 970 2572 in
1001 2502 1162 2596 quodam
1194 2499 1276 2573 loco
1305 2498 1403 2572 altis-

282 2605 376 2676 simo
407 2621 621 2687 moraretur,
645 2631 692 2678 ex
721 2608 856 2679 eodem
886 2607 968 2679 loco
995 2632 1181 2691 corruens,
1214 2606 1401 2703 loquelam
1435 2628 1478 2675 20

282 2727 320 2784 et
349 2710 473 2784 omnia
502 2712 752 2784 membrorum
774 2712 897 2786 officia
920 2714 1090 2809 perdidit,
1113 2712 1231 2786 tribus
1251 2738 1402 2810 quoque

282 2818 414 2891 diebus
443 2843 517 2889 non
539 2820 778 2903 manducans,
803 2845 925 2916 neque
955 2819 1096 2901 bibens,
1121 2846 1243 2916 neque
1261 2820 1401 2916 aliquid

282 2924 457 3008 sentiens
500 2940 666 2998 mortuus
696 2927 928 3000 credebatur.
986 2928 1110 3000 Mater
1146 2952 1236 3000 vero
1273 2926 1398 3023 ipsius,

283 3031 463 3103 nullorum
495 3033 724 3106 medicorum
753 3032 947 3129 requirens
976 3033 1203 3131 suffragium,
1234 3060 1257 3108 a
1290 3034 1402 3106 beato

282 3139 483 3210 Francisco
502 3139 583 3210 eius
602 3139 765 3236 postulat
785 3141 993 3213 sanitatem.
1043 3140 1092 3212 Et
1112 3141 1164 3213 sic
1183 3156 1273 3214 voto
1289 3140 1399 3223 lacto,
1433 3162 1473 3226 25

283 3244 406 3316 vivum
435 3270 521 3317 eum
551 3246 735 3343 recipiens
763 3263 802 3319 et
830 3246 1064 3330 incolumem,
1097 3248 1249 3320 laudare
1278 3247 1403 3342 coepit

282 3351 592 3449 omnipotentiam
623 3353 823 3425 Creatoris.

363 3463 423 3549 69.
456 3459 552 3530 Puer
587 3484 683 3531 unus
719 3460 766 3533 de
803 3461 946 3542 Aretio
987 3459 1202 3534 Gualterius
1237 3460 1399 3544 nomine,

282 3564 467 3637 continuis
505 3566 669 3638 febribus
705 3567 880 3639 laborans
916 3585 955 3639 et
991 3567 1129 3664 duplici
1167 3584 1401 3662 apostemate

282 3671 475 3753 cruciatus,
499 3674 546 3744 ab
566 3673 739 3745 omnibus
761 3674 914 3746 medicis
929 3676 1157 3771 desperatur.
1204 3673 1290 3768 Qui.
1314 3690 1403 3747 voto
1436 3698 1479 3761 30

282 3794 477 3874 parentum
499 3779 610 3852 beato
631 3780 831 3853 Francisco
852 3781 1030 3861 exhibito,
1054 3781 1275 3877 concupitae
1295 3780 1404 3852 resti·

283 3903 382 3957 tutus
411 3902 468 3957 est
496 3886 654 3959 sanitati.

357 4120 394 4169 14·
418 4106 446 4157 ll
464 4104 517 4157 olla
