3142 4875
599 345 704 394 BEATI
733 343 919 393 FRANCISCI
1245 343 1319 408 229

195 453 343 461 ------
663 454 730 461 —-.

197 629 399 725 [Qualiter
423 629 562 701 milites
586 629 792 701 saeculares
815 630 974 701 e'reeluxe’l
998 639 1042 700 ul
1062 629 1319 724 eleemosynam

544 749 739 841 peterent}
807 744 959 816 XLVII.

282 941 340 1011 77.
373 918 543 1016 Contigit
579 921 728 992 beatum
768 918 1008 992 Franciscum
1043 917 1318 992 infirmitatibus

197 1026 349 1124 plenum
377 1042 415 1099 et
444 1026 517 1098 iam
546 1026 624 1098 sere
652 1027 699 1098 ad
727 1042 897 1099 extrema
917 1042 1146 1124 vergentem,
1170 1026 1205 1097 in
1236 1025 1320 1098 loco

145 1157 164 1221 5
196 1132 382 1206 Nuceriae
420 1131 555 1228 requiri
584 1158 606 1205 a
643 1134 781 1230 populo
809 1132 954 1215 Assisii‚
987 1132 1124 1205 nuntiis
1158 1132 1235 1205 suis
1263 1157 1320 1204 so-

195 1238 380 1312 lemnibus
417 1238 622 1321 destinatis,
656 1265 701 1312 ne
730 1239 889 1337 gloriam
917 1264 1022 1312 suam
1050 1238 1156 1312 alteri
1184 1238 1319 1310 darent

197 1346 245 1418 de
274 1370 430 1442 corpore
458 1346 524 1417 viri
554 1346 639 1418 Dei.
699 1346 870 1442 Cumque
891 1346 1025 1419 milites
1044 1361 1260 1418 reverenter
1280 1345 1315 1417 in

196 1451 303 1548 equis
338 1452 459 1548 ipsum
501 1453 795 1536 transveherent,
832 1453 1063 1525 devenerunt
1104 1452 1152 1524 ad
1192 1450 1318 1524 villam

196 1559 398 1654 quamdam
440 1559 716 1656 pauperrimam
759 1560 909 1632 nomine
947 1558 1169 1632 Satrianum.
1242 1558 1315 1631 Ubi

127 1686 167 1731 ro
197 1690 281 1737 cum
317 1666 435 1738 fames
472 1681 509 1737 et
543 1666 635 1738 hora
663 1666 822 1761 cib[um]
854 1682 1085 1761 expeterent,
1118 1681 1250 1738 euntes
1278 1679 1317 1737 et

197 1770 285 1844 nihil
313 1773 447 1844 venale
466 1772 708 1856 invenientes
728 1771 862 1844 milites
883 1772 1072 1845 redierunt
1094 1773 1142 1844 ad
1161 1773 1314 1844 beatum

196 1878 436 1951 Franciscum
457 1879 641 1952 dicentes:
665 1879 827 1976 Oportet
854 1894 893 1951 ut
918 1881 985 1952 des
1010 1877 1116 1951 nobis
1145 1879 1192 1950 de
1220 1879 1316 1950 elee-

197 1985 364 2080 mosynis
392 1985 475 2067 tuis,
507 1985 684 2081 quoniam
708 1985 798 2083 [hic]
831 1985 919 2057 nibil
947 1985 1086 2057 habere
1115 2009 1315 2080 possumus

196 2092 244 2164 ad
265 2092 477 2164 emendum.
536 2092 747 2188 Respondit
765 2108 917 2164 sanctus
936 2108 975 2164 et
990 2091 1102 2164 dixit:
1130 2091 1219 2162 ldeo
1238 2114 1313 2162 non

126 2217 163 2281 15
196 2197 379 2279 invenitis,
411 2197 499 2294 quia
528 2197 564 2270 in
593 2199 725 2270 vestris
745 2199 882 2271 muscis
910 2199 1132 2295 plusquam
1163 2198 1198 2269 in
1228 2197 1315 2268 Deo

196 2303 390 2376 confiditis,
440 2305 592 2377 Muscas
612 2330 746 2402 nempe
766 2306 940 2378 denarios
959 2303 1116 2377 vocavit.
1169 2303 1245 2375 Sed
1262 2328 1315 2376 re·

194 2411 389 2495 vertimini,
412 2411 473 2496 ait,
496 2438 564 2508 per
592 2413 725 2484 domos
753 2438 846 2508 quas
868 2411 1058 2495 circuistis,
1081 2425 1119 2484 et
1146 2436 1313 2484 amorem

195 2518 267 2590 Dei
297 2543 365 2616 pro
394 2518 556 2592 denariis
585 2519 795 2603 offerentes,
818 2519 1005 2591 humiliter
1032 2520 1312 2612 eleemosynam

195 2625 322 2721 petite.
379 2625 503 2697 Nolite
524 2626 756 2708 erubescere,
775 2627 955 2722 quoniam
979 2625 1151 2697 universa
1166 2624 1202 2696 in
1219 2626 1314 2697 elee-

122 2750 166 2795 20
196 2757 390 2827 mosynam
420 2757 599 2805 concessa
633 2750 719 2804 sunt
755 2749 841 2828 post
874 2748 1080 2830 peccatum,
1113 2730 1314 2828 dignisque

194 2856 231 2909 et
260 2838 423 2936 indignis
443 2840 762 2934 eleemosynarius
782 2839 841 2912 ille
862 2865 1022 2936 magnus
1042 2839 1215 2911 clementi
1236 2838 1312 2933 pie·

194 2959 271 3016 tate
290 2945 454 3042 largitur.
514 2947 661 3018 Ponunt
679 2946 976 3018 erubescentiam
993 2947 1138 3028 milites
1161 2961 1198 3016 et
1219 2943 1314 3017 elee-

194 3075 370 3145 mosynas
399 3070 570 3149 prompte
600 3068 782 3148 petentes,
815 3052 920 3148 plura
948 3053 1021 3124 Dei
1041 3077 1169 3124 amore
1198 3077 1311 3148 quam

193 3155 354 3229 denariis
389 3177 527 3259 emunt.
592 3158 785 3255 Siquidem
816 3184 900 3231 cum
929 3159 1112 3232 hilaritate
1142 3157 1311 3232 certatim

121 3277 164 3342 25
194 3262 313 3335 cuncti
330 3264 479 3347 dedere,
503 3289 571 3339 nec
592 3264 746 3337 invaluit
765 3267 892 3351 lameS,
914 3266 976 3338 ubi
996 3280 1198 3363 paupertas
1223 3290 1314 3361 opu-

194 3366 292 3441 lenta
321 3372 538 3465 praevaluit.

313 3627 389 3725 [De
417 3627 574 3699 membre
601 3630 748 3723 reponis
776 3630 881 3724 repud
904 3629 1191 3700 Alexandream

449 3769 550 3815 verse
583 3745 624 3814 ire
649 3745 821 3839 pestem}
880 3744 1049 3816 XLVlll.

275 3920 333 4008 78.
366 3919 406 3991 ln
425 3917 748 4015 eleemosynarum
773 3921 924 3993 datione
940 3920 1146 3993 animarum
1167 3920 1309 3993 lucrum

121 4056 164 4121 30
192 4023 314 4119 potius
329 4050 442 4121 quam
457 4025 578 4098 carnis
593 4026 799 4099 subsidium
810 4028 1033 4123 requirebat,
1051 4044 1090 4099 et
1105 4052 1178 4099 non
1190 4026 1312 4100 minus

191 4131 228 4202 in
266 4131 391 4205 dando
427 4158 540 4228 quam
577 4132 614 4205 in
651 4134 871 4230 accipiendo
900 4159 940 4206 se
983 4134 1103 4230 ipsum
1146 4135 1312 4231 ponebat

194 4314 200 4323 '
266 4328 287 4380 5.
309 4313 329 4366 R
350 4313 484 4367 Nuceriae
540 4316 570 4367 ll
588 4333 637 4367 om.
657 4316 712 4367 suis
804 4332 828 4385 9.
855 4317 885 4368 ll
909 4315 1063 4369 Sanianum
1157 4331 1196 4369 ιο.
1216 4315 1241 4371 Α
1261 4317 1314 4370 cibi

194 4393 348 4462 13.Aom.
369 4393 413 4447 hic
488 4394 682 4459 25.Mvaluit
