3142 4875
609 338 716 388 uenat
743 338 930 387 uniuerso
1281 317 1325 386 81

207 570 271 644 Ad
301 595 413 667 quem
442 570 521 644 ille:
553 571 764 667 Emptores,
797 570 927 667 inquit,
958 596 1026 644 eos
1051 571 1276 646 interficient
1293 589 1333 645 et

209 678 501 750 manducabunt.
558 677 681 762 Absit,
722 677 917 776 respondit
953 694 1115 762 sanctuS,
1156 704 1230 752 non
1267 678 1349 753 fiat

209 784 329 868 istud;
360 785 428 857 sed
456 783 544 857 tolle
573 810 641 881 pro
669 785 791 882 pretio
821 783 1037 858 mantellum
1066 811 1178 882 quem
1208 802 1328 883 port0,

209 906 248 964 et
276 915 397 990 agnos
416 889 505 963 mihi
526 894 703 965 concede.
762 891 838 986 Qui
858 891 971 965 alacri
990 891 1116 968 animo
1135 892 1331 990 agniculos

162 1026 181 1090 5
209 997 339 1071 tribuit
352 1013 390 1071 et
405 996 620 1071 mantellum
636 999 810 1097 suscepit,
829 998 1006 1095 quoniam
1035 998 1152 1072 multo
1181 999 1332 1074 maioris

210 1105 319 1202 pretii
348 1122 429 1177 erat
453 1104 661 1189 mantellus,
684 1131 797 1202 quem
817 1130 929 1178 causa
950 1106 1099 1203 frigoris
1118 1105 1331 1203 expellendi

210 1227 362 1285 sanctus
389 1236 413 1284 a
440 1212 604 1307 quodam
634 1211 732 1284 fideli
767 1212 847 1284 viro
883 1228 1013 1284 mutuo
1041 1230 1259 1311 susceperat
1285 1240 1333 1288 ea

208 1317 282 1391 die.
342 1317 543 1391 Caeterum
563 1334 715 1392 sanctus
734 1320 836 1416 apud
855 1344 906 1402 se,
930 1321 1114 1416 susceptis
1132 1320 1329 1418 agniculis,

210 1425 301 1521 quid
329 1424 378 1498 de
406 1423 496 1521 ipsis
525 1425 665 1498 faceret
693 1424 871 1499 sollicitus
900 1425 1104 1524 cogitabat,
1136 1442 1175 1500 et
1203 1427 1332 1502 habito

142 1560 183 1605 ro
212 1531 367 1604 consilio
396 1530 517 1604 fratris
544 1531 764 1605 associantis
792 1558 890 1618 eum,
911 1558 978 1606 eos
1001 1533 1081 1606 viro
1101 1533 1150 1606 illi
1170 1534 1333 1607 reddidit

211 1637 491 1736 gubernandos,
535 1639 805 1736 praecepitque
842 1636 910 1712 sibi
954 1665 1001 1712 ne
1044 1639 1118 1713 ullo
1160 1657 1333 1738 tempore

211 1744 393 1818 venderet
422 1770 498 1829 eos,
530 1771 600 1818 nec
639 1746 775 1819 malum
804 1745 957 1842 aliquod
986 1746 1041 1819 eis
1071 1746 1232 1830 inferret,
1264 1749 1331 1820 sed

212 1869 462 1936 conservaret,
494 1853 651 1925 nutriret
679 1869 717 1925 et
745 1870 896 1951 regeret
924 1852 1102 1927 studiose.

639 2068 904 2075 ——-——

210 2245 271 2316 De
297 2269 420 2317 amore
446 2270 553 2340 quem
575 2254 730 2340 propter
752 2245 959 2318 Creatorem
984 2245 1026 2315 iri
1045 2242 1215 2317 omnibus
1233 2268 1333 2314 crea-

142 2379 180 2444 15
291 2361 392 2432 turis
419 2358 582 2443 habebat,
612 2370 646 2433 el
675 2361 750 2456 [de]
780 2360 1022 2457 descriptione
1050 2360 1247 2459 utrimque
1273 2358 1334 2431 lee-

291 2477 408 2549 minis
434 2479 507 2549 sui.
565 2477 709 2549 XXIX.

294 2689 354 2760 80.
385 2687 560 2785 Longum
590 2704 691 2761 esset
719 2687 829 2759 nimis
864 2703 902 2760 et
941 2686 1169 2785 impossibile
1207 2687 1333 2761 omnia

212 2819 409 2893 numerare
428 2820 472 2867 ac
491 2795 720 2892 recolligere,
743 2819 840 2890 quae
860 2794 1048 2892 gloriosus
1076 2810 1183 2892 pater
1216 2797 1334 2867 Fran-

212 2902 333 2974 ciscus
360 2901 448 2974 iecit
475 2917 513 2974 et
541 2901 677 2986 docuit,
709 2901 831 2974 donec
860 2902 897 2974 in
927 2927 1038 2975 carne
1067 2900 1183 2974 vixit,
1238 2901 1333 2996 Quis

141 2996 313 3081 ao'enim
341 3033 505 3105 unquam
534 3024 663 3105 posset
691 3033 878 3080 summum
908 3007 987 3081 eius
1014 3009 1188 3080 affectum
1208 3009 1334 3104 expri-

213 3140 325 3200 mere,
357 3140 433 3211 quo
462 3116 498 3186 in
526 3114 710 3199 omnibus,
729 3140 827 3213 quae
855 3114 929 3187 Dei
957 3131 1053 3198 sunt,
1085 3114 1333 3188 efferebatur?

214 3221 309 3316 Quis
338 3246 512 3296 enarrare
540 3222 729 3295 sufficeret
756 3222 994 3295 dulcedinem
1027 3247 1102 3319 qua
1130 3221 1332 3309 fruebatur,

213 3330 472 3426 contemplans
500 3328 536 3401 in
566 3329 744 3402 creaturis
782 3328 1003 3425 sapientiam
1034 3329 1234 3413 Creatoris,
1266 3353 1335 3426 po·

212 3436 367 3509 tentiam
410 3451 448 3509 et
488 3435 694 3509 bonitatem
740 3436 847 3509 eius?
894 3436 1052 3519 Revera,
1085 3435 1178 3508 miro
1220 3449 1335 3531 atque

143 3569 183 3634 25
213 3540 388 3617 ineffabili
416 3542 557 3641 gaudio
594 3567 643 3616 ex
680 3542 750 3615 hac
785 3542 1087 3616 consideratione
1115 3540 1335 3639 saepissime

288 3768 309 3807 1.
331 3751 432 3806 Osom.
452 3752 538 3821 inquit
611 3767 634 3804 2.
656 3751 700 3814 M,
719 3752 754 3806 Os
773 3750 818 3804 fiet
893 3768 916 3820 3.
938 3752 973 3805 Os
992 3750 1063 3822 quod
1137 3766 1161 3816 4.
1183 3747 1334 3820 agniculos]

215 3831 249 3885 Os
271 3847 357 3902 agnos
432 3846 454 3900 5.
476 3831 510 3884 Os
530 3831 609 3885 multi
681 3831 705 3884 6.
729 3832 763 3886 Os
783 3830 944 3884 mantellum
965 3831 1036 3899 quod
1110 3832 1178 3898 7.E
1195 3844 1335 3901 receperat

215 3926 255 3966 10.
275 3910 433 3965 associantis
445 3910 520 3981 eum]
535 3912 565 3964 H
581 3928 621 3964 om
636 3927 649 3981 ,·
667 3911 713 3965 As
731 3928 782 3964 ass.
803 3928 865 3964 cum
890 3928 924 3965 eo
931 3930 940 3972 ,¹
963 3913 998 3964 05
1016 3910 1142 3964 associati
1162 3919 1252 4045 epum.
1272 3927 1335 3963 eum

215 3990 581 4061 rr.Hp.illesibineeosu.
618 3990 748 4045 Mneillo
806 3990 1130 4060 ·12.E,O,r,Paliquid
1196 3989 1335 4060 Seisquid

217 4070 622 4140 14.0sp.amoremCreatoris
697 4088 736 4139 15.
754 4071 895 4125 Oshabuit
940 4070 1124 4134 B,P,Rom.
1145 4070 1178 4122 de
1254 4068 1339 4124 16.H

75 4152 109 4173 '⁴
214 4152 319 4204 om.sui
394 4151 668 4206 18.0senumerare
750 4167 792 4205 21.
812 4152 869 4215 AS,
889 4152 932 4216 H,
955 4152 1002 4213 Os,
1025 4152 1079 4213 Or,
1100 4150 1135 4214 P,
1156 4151 1192 4214 R,
1217 4151 1252 4203 W
1267 4148 1337 4202 fere-

214 4229 306 4292 batum
326 4232 356 4284 M
370 4229 531 4285 referebatur
604 4246 646 4284 22.
665 4230 811 4301 sufficeret]
830 4232 876 4285 AS
888 4248 957 4301 om.,·
976 4230 1000 4283 E
1019 4229 1116 4298 poterit
1123 4248 1132 4291 ;
1156 4230 1191 4283 Os
1206 4226 1320 4281 sufficiet
1326 4246 1335 4289 ,·

253 4308 367 4364 sufficiat
415 4313 447 4365 M
463 4327 516 4382 qua
535 4309 657 4364 fervebat
712 4313 754 4365 Ox
772 4330 824 4366 om.
846 4309 1098 4375 Quis-fruebatur
1186 4323 1282 4377 23-24.
1303 4309 1338 4362 Os

216 4390 366 4460 potentiam
384 4390 412 4444 in
430 4391 552 4445 bonitate
625 4405 667 4457 24.
688 4392 718 4447 Μ
732 4391 927 4460 benignitatem
1001 4404 1042 4456 25.
1061 4390 1096 4442 Os
1111 4387 1303 4441 inaestimabili

331 4588 352 4640 6
450 4613 455 4623 ,
559 4610 564 4617 .
