3142 4875
604 352 882 403 PROLEGOMENA
1267 352 1303 401 Ll

249 572 339 639 Licet
353 571 511 642 Rosedale
523 572 558 628 (¹)
572 574 680 641 Vitam
698 573 732 640 S.
750 572 910 640 francisci
926 575 1077 663 scriptam
1096 590 1221 661 reputet
1236 595 1305 639 sae·

183 677 257 744 culo
276 698 333 745 xiv
350 679 496 760 ineunte,
514 679 577 758 alii,
595 701 661 750 non
677 679 810 748 minoris
830 681 1034 762 auctoritatis,
1054 702 1127 746 earn
1142 697 1216 746 ante
1236 700 1304 745 me·

183 782 273 851 dium
283 785 448 854 saeculum
464 805 524 852 xttt
535 804 698 852 exaratam
714 784 866 867 iudicant,
881 787 964 853 inter
977 806 1059 875 quos
1076 784 1114 851 cl.
1132 785 1168 852 P.
1186 782 1304 851 Fidelis

183 892 330 959 afanna
346 891 429 960 ord.
455 893 548 971 Min,
572 894 627 981 qui
651 895 798 982 Europae
818 892 1026 961 bibliothecas
1046 893 1181 960 lustrans
1197 890 1236 958 ad
1251 914 1306 980 pa·

182 999 317 1067 randam
328 998 504 1068 editionem
513 999 662 1089 Operum
674 1001 783 1068 Sancti
794 1003 1049 1082 Bonaventurae,
1059 1001 1144 1067 hunc
1160 999 1304 1067 codicem

183 1106 322 1194 inspexit
336 1128 369 1173 et
383 1107 417 1174 in
433 1107 548 1175 tabulis
565 1110 631 1175 suis
649 1109 785 1190 notavit,
803 1108 889 1176 unde
905 1109 985 1175 mihi
1003 1108 1062 1176 fuit
1078 1110 1227 1197 cognitus
1245 1107 1306 1175 fra-

182 1231 273 1282 terna
296 1213 447 1281 charitate
474 1216 509 1281 P.
534 1215 694 1282 Leonardi
719 1216 905 1297 Lemmens,
930 1215 976 1284 Ο.
1002 1217 1060 1297 Μ.,
1086 1218 1120 1282 in
1149 1218 1307 1303 praesenti

182 1320 353 1407 superioris
374 1320 512 1409 Collegii
532 1320 642 1389 Sancti
661 1323 907 1389 bonaventurae
926 1322 965 1388 ad
986 1322 1096 1390 Claras
1116 1324 1237 1409 Aquas,
1253 1323 1307 1409 qui

184 1426 300 1514 pariter
323 1450 363 1492 ex
386 1426 508 1494 eisdem
532 1427 646 1496 tabulis
670 1427 750 1497 mihi
776 1428 931 1495 indicavit
955 1428 1101 1496 codicem
1125 1427 1307 1495 Wircebur-

184 1554 320 1621 gensem
340 1532 380 1601 de
398 1556 463 1622 quo
484 1532 574 1602 infra.
621 1533 769 1602 Publicus
784 1536 907 1624 'gratias
927 1535 1133 1622 praelaudato
1153 1536 1189 1603 P.
1211 1535 1306 1602 Lern·

184 1662 279 1707 mens
298 1640 472 1728 rependere
490 1640 601 1709 laetor.
648 1643 772 1726 Romae
792 1665 865 1730 prae
885 1641 1033 1710 manibus
1052 1642 1138 1710 hunc
1158 1642 1305 1709 codicem

185 1746 293 1825 habui,
310 1747 501 1835 petitionem
518 1771 624 1816 meam
641 1748 780 1837 benigne
798 1748 1048 1816 commendante
1064 1750 1159 1817 Illrito
1178 1752 1252 1816 uno
1266 1748 1306 1815 de

187 1853 381 1934 Rotenham‚
403 1855 573 1923 Borussiae
597 1854 746 1923 Ministro
766 1855 851 1942 apud
875 1856 1026 1923 Sanctam
1051 1854 1181 1923 Sedem.
1229 1856 1306 1938 Non

186 1981 303 2047 paucas
326 1962 485 2027 variantes
508 1984 549 2027 ex
573 1960 626 2027 illo
659 1961 785 2050 collegi,
809 1985 887 2050 quas
918 1962 1141 2030 adscribendas
1172 1962 1307 2028 aestimo

187 2067 373 2133 amanuensi
397 2090 567 2155 parumper
588 2067 762 2135 incurioso.

253 2172 563 2255 londinensis,
597 2173 630 2241 in
666 2175 784 2242 Museo
819 2175 1001 2242 britannico
1036 2174 1230 2252 adservatus,
1263 2177 1308 2240 sic

188 2277 373 2346 describitur
406 2281 440 2346 in
471 2280 632 2369 Catalogo
663 2284 956 2369 manuscriptorum
991 2279 1200 2348 bibliothecae
1228 2281 1309 2347 Har·
1346 2361 1350 2368 Ι

187 2384 376 2455 leianae:(²)
634 2395 638 2404 '

258 2562 303 2618 47.
321 2548 393 2603 Cod.
413 2549 563 2603 membran.
582 2549 608 2601 in
628 2547 673 2603 fol.
688 2552 753 2602 min.
768 2566 783 2602 a
798 2549 909 2603 diversis
929 2549 1052 2603 librariis
1066 2563 1198 2614 exaratus,
1211 2549 1238 2602 in
1254 2565 1308 2619 quo

190 2638 372 2690 continentur:

299 2741 320 2777 1.
340 2725 484 2780 Tractatus
504 2726 532 2780 S.
553 2726 679 2780 Bernardi
700 2728 812 2781 Abbatis
831 2744 910 2798 super
931 2727 1075 2781 Canticum
1095 2728 1128 2780 de
1148 2727 1309 2798 Evangelio,

190 2829 225 2867 sc.
245 2811 410 2882 Magnificat.
451 2815 497 2869 rb,

296 2918 319 2955 2.
340 2902 529 2958 Meditationes
548 2904 576 2958 S.
597 2904 724 2958 Bernardi
745 2905 856 2958 Abbatis
875 2903 1044 2959 Clarevallis.
1082 2904 1134 2969 4b.

298 3007 320 3061 3.
340 2990 403 3044 Vita
413 2990 441 3047 S.
451 2992 471 3045 F
474 2993 599 3047 nancisci:
610 2992 653 3045 cui
664 2993 844 3062 praemittitur
853 2991 1037 3063 Prologusqui
1049 2992 1087 3044 sic
1098 2992 1189 3062 incipit
1202 2992 1308 3043 «Actus

190 3078 410 3135 etVitam...».
450 3097 489 3151 ¹3·

294 3183 321 3234 4.
340 3168 418 3222 Liber
434 3168 618 3232 Questionum
638 3169 666 3222 S.
682 3170 829 3240 Augustini
850 3168 976 3240 Episcopi
997 3170 1030 3221 ad
1048 3168 1181 3223 Orosium
1198 3168 1311 3238 Presby-

190 3270 276 3312 terum
296 3256 339 3311 vel
357 3257 490 3329 Dialogus
509 3258 655 3329 Augustini
673 3259 705 3311 ad
726 3257 860 3313 Orosiurn
882 3257 1082 3328 Presbyterum.
1119 3272 1163 3322 44.

257 3415 425 3498 Rosedale,
440 3417 496 3505 qui
516 3414 660 3483 sedulam
684 3415 851 3505 profitetur
874 3439 908 3484 se
933 3438 1042 3484 curam
1060 3413 1257 3502 impendisse
1277 3416 1310 3481 in

192 3522 276 3591 dicto
293 3523 411 3591 ¹codice
434 3521 663 3597 examinando.
687 3522 843 3590 nonnulla
862 3521 949 3589 addit
968 3523 1002 3588 in
1022 3521 1236 3609 descriptione
1257 3541 1311 3585 co·
1418 3556 1419 3559 =

193 3630 278 3710 dicis,
297 3629 417 3696 scilicet
433 3650 617 3697 mensuram
634 3627 785 3697 foliorum
810 3652 879 3696 esse
895 3649 956 3715 275
974 3637 1011 3706 ><
1031 3648 1093 3713 190
1109 3649 1200 3706 mm,
1219 3646 1251 3693 et
1266 3648 1305 3713 43

193 3759 302 3805 eorum
318 3758 502 3816 numerum,
518 3757 575 3823 pro
591 3755 679 3823 parre
692 3757 773 3823 quae
786 3736 826 3802 ad
839 3758 899 3802 nos
916 3738 1038 3814 attinet,
1052 3754 1083 3803 et
1099 3753 1174 3802 sunt
1187 3733 1309 3801 duabus

193 3842 349 3910 columnis
383 3862 520 3909 exarata.
578 3839 741 3908 Praelatus
772 3841 929 3910 Rosedale
960 3865 1026 3908 non
1056 3841 1164 3908 solum
1196 3842 1311 3906 retinet

262 4076 302 4144 (r)
323 4074 350 4129 5¹
369 4074 477 4128 francis
492 4074 522 4145 os
533 4074 620 4138 Assisi,
637 4073 759 4139 London,
780 4087 881 4127 tuctur.
919 4072 1013 4125 Fusius
1026 4072 1093 4125 inira
1110 4072 1143 4125 de
1163 4071 1215 4124 hoc
1229 4086 1310 4142 opere

194 4163 305 4324 dimili)
323 4254 349 4311 A
371 4252 509 4324 cautoguc
527 4254 558 4325 os
572 4254 610 4309 ihc
627 4252 754 4308 Hurleiun
774 4252 953 4322 thanuscripts,
974 4254 1000 4304 iu
1019 4252 1058 4305 the
1077 4250 1170 4304 Britisb
1190 4250 1314 4315 Adustum,

194 4342 245 4397 vol.
264 4342 286 4399 l.
323 4341 452 4406 London,
474 4341 549 4398 1808.
585 4341 690 4397 Eodem
708 4341 793 4395 modo
812 4340 867 4393 iam
885 4341 1033 4411 descriptus
1054 4353 1110 4393 erat
1130 4339 1157 4391 in
1178 4336 1314 4407 Catalogo

195 4447 262 4485 anuo
284 4445 351 4504 1759
369 4430 452 4485 edito.
