3142 4875
603 399 708 450 nanu
736 399 922 449 annucrscr
1245 396 1322 475 407

207 509 624 519 *md-..-
931 509 1325 518 ....—.-.—---0.'-.-—

204 630 322 704 crucis
337 658 405 729 per
419 632 594 704 eumdem
609 631 726 704 virum
742 632 817 706 Dei
837 659 949 729 super
963 634 1092 706 oculos
1112 658 1200 706 suos
1215 634 1324 716 lacto,

203 738 326 812 statim
356 739 480 812 lumen
512 739 696 835 perditum
727 739 947 813 miraculose
976 740 1127 836 recepit.

290 870 372 919 122.
404 845 471 918 Vir
490 845 642 942 quidam
662 845 709 918 de
729 846 862 919 Monte
881 847 1072 946 Gargano,
1096 848 1228 919 Petrus
1251 846 1325 919 Ro·

204 978 335 1026 manus
365 953 526 1035 nomine,
558 953 647 1025 dum
676 952 713 1025 in
741 952 852 1026 vinea
880 979 947 1027 sua
979 954 1153 1028 laborans
1180 953 1324 1051 lignum

157 1087 171 1151 5
203 1060 392 1156 quoddam
422 1059 519 1133 lerro
548 1059 766 1144 succideret,
799 1060 990 1157 proprium
1026 1059 1209 1156 percussit
1236 1085 1324 1134 ocu·

202 1168 277 1239 lum
307 1182 344 1239 et
372 1192 439 1264 per
475 1165 637 1239 medium
676 1166 728 1239 sic
763 1166 898 1251 divisit,
939 1184 978 1240 ut
1013 1167 1152 1264 pupilla
1189 1166 1326 1263 partita

203 1273 368 1347 exterius
396 1275 637 1370 dependeret.
697 1273 870 1369 Cumque
890 1273 926 1346 in
946 1289 1022 1347 tarn
1043 1275 1243 1370 desperato
1263 1301 1325 1372 pe·

202 1380 318 1454 riculo
346 1382 563 1479 desperaret
583 1405 694 1476 posse
722 1380 792 1453 sibi
821 1406 889 1477 per
907 1381 1097 1454 hominem
1122 1381 1323 1464 subveniri,

204 1486 291 1560 nihil
320 1513 361 1560 se
390 1503 641 1560 comesturum
670 1486 707 1560 in
738 1487 833 1559 sesto
862 1487 979 1561 sancti
1009 1487 1208 1572 Francisci,
1241 1488 1270 1560 si
1291 1488 1324 1561 ei

136 1621 174 1667 ιο
202 1612 443 1677 succurreret,
476 1593 697 1689 repromisit.
756 1593 888 1667 Statim
918 1596 954 1666 in
983 1595 1066 1667 loco
1102 1594 1228 1668 debito
1257 1595 1324 1668 viri

203 1701 350 1775 oculum
366 1718 516 1774 sanctus
532 1700 604 1773 Dei
621 1700 791 1785 restituit,
814 1700 972 1774 divisum
993 1700 1165 1787 reiunxit‚
1186 1701 1325 1775 lumine

203 1807 359 1904 pristino
386 1807 587 1880 decoravit.

290 1938 371 2007 1²3·
419 1914 531 1987 Filius
569 1913 760 1988 cuiusdam
800 1913 932 1987 nobilis
969 1913 1035 1985 viri
1073 1939 1096 1986 a
1134 1913 1326 1988 nativitate

203 2046 337 2093 caecus
365 2021 506 2093 meritis
534 2021 632 2094 beati
662 2021 850 2094 Francisci
886 2022 1011 2094 lumen
1048 2020 1194 2116 accepit
1222 2037 1326 2116 opta·

137 2154 172 2219 15
204 2145 295 2200 tum.
362 2127 447 2221 Qui,
480 2153 615 2201 nornen
651 2129 699 2201 ab
727 2145 864 2202 eventu
898 2126 1061 2211 sortitus,
1093 2127 1325 2200 Illuminatus

203 2251 261 2308 est
289 2234 419 2307 dictus.
477 2233 692 2333 Assumpsit
720 2253 863 2332 postea,
894 2260 979 2306 cum
998 2232 1035 2307 in
1059 2250 1182 2307 aetate
1212 2250 1321 2318 esset,

204 2342 386 2414 Ordinem
406 2342 524 2415 sancti
548 2342 578 2414 F
581 2340 745 2426 rancisci,
770 2359 808 2416 et
823 2342 974 2414 tandem
991 2357 1160 2414 sanctum
1181 2341 1324 2413 initium

204 2450 277 2522 fine
306 2449 481 2523 sanctiori
511 2449 702 2522 conclusit.

290 2579 372 2647 124.
395 2554 611 2640 Bevanium,
630 2555 820 2652 quoddam
837 2556 960 2628 nobile
977 2571 1150 2636 castrum,
1173 2555 1209 2628 in
1229 2555 1324 2629 valle

133 2689 173 2735 20
203 2664 408 2761 Spoletana
421 2663 583 2761 positum
601 2681 668 2736 est.
717 2663 757 2734 ln
774 2663 845 2735 hoc
860 2662 1053 2736 habitabat
1068 2661 1199 2735 mulier
1214 2688 1325 2759 quae·

203 2772 289 2844 dam
319 2787 447 2844 sancta
467 2796 551 2843 cum
571 2770 717 2868 virgine
738 2769 811 2842 filia
830 2770 1004 2842 sanctiori
1026 2786 1064 2842 et
1085 2787 1196 2866 nepte
1216 2769 1325 2842 valde

203 2878 340 2950 devota
352 2877 512 2950 Christo.
571 2877 713 2949 Harum
730 2902 819 2949 vero
831 2876 1030 2973 hospitium
1046 2896 1198 2950 sanctus
1212 2876 1324 2950 Fran·

204 2985 322 3056 ciseus
338 2985 525 3080 hospitato
542 3009 610 3056 suo
626 2982 763 3080 pluries
779 2983 998 3056 honorabat.
1043 2984 1140 3056 Nam
1157 2983 1323 3056 etlilium

203 3091 385 3164 habuerat
413 3092 506 3164 haec
535 3090 570 3163 in
602 3090 755 3172 Ordine,
784 3105 1064 3163 consummatae
1085 3088 1324 3186 perfectionis

132 3205 173 3271 25
203 3197 333 3271 virum.
418 3198 686 3270 Verumtamen
716 3222 790 3269 una
817 3196 981 3281 istarum,
1014 3197 1135 3294 neptis
1171 3196 1322 3280 scilicet,

204 3305 348 3400 privata
366 3320 447 3378 erat
465 3302 692 3377 exteriorum
713 3303 851 3377 lumine
872 3303 1074 3387 oculorum,
1093 3328 1177 3375 cum
1198 3318 1323 3375 tamen

204 3412 398 3485 interiores
427 3411 516 3495 eius,
549 3410 683 3508 quibus
721 3411 827 3483 Deus
864 3411 1021 3492 videtur,
1060 3410 1152 3481 mira
1181 3408 1325 3505 conspi-

204 3519 340 3592 cuitate
378 3517 635 3591 clarescerent.
704 3518 876 3615 Rogatus
913 3532 1064 3590 sanctus
1102 3515 1325 3588 Franciscus

204 3626 430 3722 quandoque
458 3644 498 3698 ut
526 3624 622 3697 illius
649 3625 843 3722 langorem
878 3622 1145 3697 commiserans
1182 3620 1324 3694 illarum

134 3741 175 3806 3⁰
202 3733 315 3805 etiam
345 3731 492 3806 labores
520 3732 740 3811 attenderet,
780 3756 914 3804 caecae
951 3731 1080 3802 oculos
1116 3745 1227 3824 sputo
1256 3754 1325 3800 suo

201 3840 239 3913 in
270 3838 423 3912 nomine
451 3838 645 3911 Trinitatis
674 3838 791 3911 tribus
821 3837 963 3910 vicibus
992 3834 1169 3920 delinivit,
1202 3852 1239 3908 et
1274 3836 1324 3908 lu-

203 3972 288 4020 men
319 3946 352 4019 ei
382 3945 541 4020 restituit
570 3945 820 4041 concupitum.

290 4074 374 4146 125,
402 4054 517 4151 Apud
547 4054 721 4126 Castrum
751 4049 873 4125 Plebis
893 4050 1036 4123 iuvenis
1053 4050 1204 4146 quidam
1226 4075 1326 4122 men·

203 4162 308 4234 dicus
336 4162 470 4233 surdus
499 4176 579 4233 erat
608 4178 645 4232 et
674 4175 798 4229 mutus
826 4183 849 4230 a
880 4157 1072 4230 nativitate
1100 4182 1177 4229 sua.
1250 4155 1325 4250 Qui

133 4276 172 4343 35
202 4267 369 4366 linguam
398 4267 495 4341 adeo
522 4283 665 4339 curtam
685 4280 723 4338 et
741 4265 895 4338 brevem
916 4265 1089 4349 habebat,
1111 4264 1212 4360 quod
1233 4264 1328 4337 mul·

275 4529 317 4581 24.
337 4514 390 4568 AB
405 4514 459 4567 hoc
