3142 4875
612 362 717 413 BEATI
745 362 930 411 FRANCISCI
1254 362 1326 434 213

215 622 355 690 sumus,
388 595 449 694 qui
478 597 643 670 tenebris
664 596 818 670 involuti
848 594 959 670 etiam
989 595 1199 671 necessaria
1227 597 1331 696 igno-

214 704 362 777 ramus!
411 703 497 799 Qua
516 702 636 777 credis
665 729 711 778 ex
740 729 863 788 causa,
887 702 954 776 nisi
975 703 1062 800 quia
1081 703 1201 778 carnis
1221 704 1331 778 amici

216 811 290 910 ipsi
306 836 457 908 quoque
476 811 671 884 inserimur
690 809 832 908 pulveri
848 810 1147 884 mundanorum?
1184 811 1332 909 Nempe

214 918 247 991 si
267 918 380 990 corda
409 934 535 993 nostra
564 943 647 990 cum
677 918 848 991 manibus
871 916 1078 991 levaremus
1107 918 1144 989 in
1172 918 1327 1003 caelum,

213 1023 244 1096 si
273 1025 498 1124 eligeremus
525 1025 766 1122 suspendium
795 1023 832 1097 in
860 1040 1023 1109 aeterna,
1042 1023 1233 1098 sciremus
1262 1026 1330 1097 sor·

213 1132 309 1205 sitan
339 1156 436 1228 quae
464 1132 665 1205 nescimus:
695 1132 820 1204 Deum
850 1149 888 1204 et
916 1157 994 1204 nos.
1053 1132 1093 1203 ln
1113 1156 1233 1205 coeno
1251 1157 1330 1205 ver-

213 1254 361 1311 santem
383 1263 540 1311 coenum
559 1239 688 1311 videre
707 1263 862 1312 necesse
881 1254 956 1322 est;
979 1237 1083 1311 caelo
1111 1237 1259 1311 oculum
1280 1239 1330 1311 in·

212 1345 430 1418 haerentem
450 1344 677 1442 impossibile
696 1361 753 1418 est
773 1346 947 1419 caelestia
967 1370 1040 1418 non
1060 1344 1197 1418 videre.

638 1560 903 1567 ——-—-—-—.

557 1790 629 1863 De
665 1804 979 1887 paupertate.

142 2011 184 2058 10
338 1987 415 2081 [Dr
435 1995 654 2082 paupertate
680 1995 714 2057 rt
742 1985 851 2056 laude
879 1982 1027 2081 ipsius}
1084 1982 1207 2054 XXV.

298 2219 357 2292 55.
390 2198 429 2270 ln
458 2196 553 2271 valle
581 2196 815 2271 lacrimarum
841 2196 985 2294 positus
1015 2213 1121 2294 pater
1149 2196 1218 2269 iste
1246 2195 1331 2269 bea·

178 2377 186 2396 ,
213 2324 273 2380 tus
303 2330 521 2379 communes
549 2304 706 2377 tiliorum
730 2303 921 2377 hominum
950 2328 1043 2402 opes
1071 2303 1202 2400 inopes
1230 2303 1331 2375 dedi-

214 2429 360 2512 gnatur,
384 2412 547 2486 celsioris
564 2410 747 2510 siquidem
766 2409 986 2485 ambitiosus
1005 2409 1140 2510 fastigii
1161 2410 1209 2483 de
1229 2410 1328 2483 omni

214 2522 327 2595 corde
347 2546 415 2593 suo
444 2520 561 2593 inhiat
587 2517 809 2618 paupertati.
865 2518 975 2592 Hanc
1005 2517 1098 2592 Filio
1126 2518 1199 2591 Dei
1229 2517 1330 2591 sami·

146 2651 183 2717 15
213 2629 339 2702 liarem
376 2627 584 2712 attendens,
620 2627 692 2699 iam
729 2626 878 2722 iamque
906 2638 986 2699 toto
1015 2627 1105 2699 orbe
1142 2625 1329 2722 repulsam

213 2736 338 2808 studet
356 2734 536 2808 charitate
556 2748 737 2831 perpetua
756 2733 997 2831 desponsare.
1054 2733 1214 2805 Amator
1236 2756 1329 2830 ergo

213 2842 330 2915 iactus
358 2841 498 2915 formae
531 2840 636 2924 iltius,
668 2856 708 2912 ut
735 2840 842 2913 uxori
878 2841 1008 2913 sortius
1035 2839 1254 2923 inhaereret,
1285 2864 1329 2911 ac

214 2949 289 3022 duo
325 2966 451 3021 essent
479 2948 515 3020 in
544 2972 619 3021 uno
647 2947 788 3045 spiritu,
822 2971 896 3019 non
933 2946 1054 3019 solum
1081 2961 1226 3042 patrem
1255 2969 1330 3019 ma·

212 3073 382 3152 tremque
419 3054 575 3151 reliquit,
610 3079 739 3127 verum
775 3054 888 3127 etiam
925 3054 1097 3126 universa
1129 3052 1326 3125 submovit.

143 3184 185 3232 20
213 3162 372 3236 Proinde
400 3161 512 3235 castis
539 3187 621 3235 eam
651 3160 801 3257 stringit
828 3160 1072 3255 amplexibus,
1097 3184 1165 3231 nec
1194 3159 1242 3232 ad
1266 3159 1329 3232 ho

213 3295 291 3344 ram
320 3269 458 3366 patitur
477 3294 551 3341 non
571 3293 653 3341 esse
682 3266 846 3341 maritus.
903 3266 1012 3340 Hanc
1032 3265 1115 3338 filiis
1137 3266 1213 3338 suis
1232 3265 1329 3340 dice-

212 3377 275 3450 bat
307 3375 544 3473 perfectionis
571 3374 679 3457 viam,
711 3373 807 3447 hanc
844 3391 1080 3448 aeternarum
1118 3372 1328 3445 divitiarum

212 3484 349 3581 pignus
375 3500 413 3557 et
439 3482 598 3556 arrham.
656 3482 779 3554 Nemo
807 3496 883 3555 tam
912 3480 990 3554 auri
1020 3504 1131 3578 quam
1161 3480 1240 3577 ipse
1269 3506 1329 3553 cu·

213 3590 321 3685 pidus
339 3589 580 3688 paupertatis,
603 3614 671 3662 nec
690 3587 854 3661 thesauri
884 3587 1117 3661 custodiendi
1139 3586 1329 3659 sollicitior

145 3720 184 3784 25
214 3695 306 3769 ullus
324 3722 437 3794 quam
453 3695 511 3769 ille
527 3695 636 3768 huius
654 3695 897 3793 evangelicae
912 3694 1147 3792 margaritae.
1196 3694 1236 3765 In
1258 3693 1328 3765 hoc

213 3803 411 3901 praecipue
440 3828 528 3876 suus
565 3802 823 3875 offendebatur
850 3818 1033 3900 aspectus,
1065 3802 1095 3873 si
1125 3799 1328 3897 quidquam

215 3909 315 3984 domi
344 3910 507 4007 forisque
534 3910 680 3982 videret
699 3910 735 3981 in
764 3909 937 3982 iratribus
955 3906 1166 4006 paupertati
1187 3922 1329 3981 contra·

215 4016 318 4089 rium.
376 4018 524 4090 Revera
552 4016 683 4113 ipse‘a
704 4014 887 4113 principio
915 4014 1106 4113 religionis
1135 4039 1252 4110 usque
1281 4013 1329 4086 ad

216 4139 382 4207 mortem,
413 4121 539 4196 tunica
571 4121 660 4206 sola,
691 4124 844 4197 cordula
872 4139 910 4196 et
944 4122 1182 4195 femoralibus
1210 4121 1327 4203 dives,

282 4333 425 4404 6.unam
479 4333 872 4404 6·7.versantem]Rvesaniae
932 4332 1148 4403 11.pater]ltvir
1207 4328 1328 4398 12·13.R

214 4413 370 4485 dedignatus
446 4430 484 4480 14.
500 4417 529 4468 M
541 4431 588 4467 orn.
603 4429 652 4466 suo
728 4413 812 4467 16.M
823 4415 903 4484 igitur
976 4411 1087 4481 25.ille]
1103 4412 1132 4465 M
1145 4411 1194 4462 iste
