3142 4875
621 372 899 424 unouuoouuua
985 363 987 366 ’
1218 378 1320 428 xxvn

190 596 355 676 adiuncta,
365 594 419 661 sed
443 591 613 663 authentia
631 592 815 663 diversitate
837 598 991 683 temporis
1010 620 1078 666 nou
1102 599 1269 681 minuitur,
1289 618 1321 668 et

190 727 231 769 ex
256 705 327 791 ipsa
347 699 514 789 Legenda,
532 723 615 788 quae
634 700 674 767 de
690 699 918 769 Translatione
935 704 1078 791 corporis
1096 704 1198 773 sancti
1223 706 1320 774 Frau-

192 810 268 877 cisci
293 808 350 897 (25
370 807 447 873 maii
468 804 571 896 1230)
588 827 656 873 non
674 804 827 893 loquitur,
843 806 995 895 probatur
1017 830 1090 875 eam
1109 830 1205 877 antea
1224 808 1321 880 fuisse

191 912 382 1004 perfectam.

259 1024 310 1090 Eo
334 1020 422 1110 quod
453 1020 550 1087 fuerit
573 1020 703 1087 iubente
722 1020 883 1110 Gregorio
907 1043 997 1089 nono
1020 1023 1136 1111 scripta
1159 1042 1191 1090 et
1213 1024 1254 1091 ab
1280 1047 1321 1092 eo

192 1127 398 1209 confirmata,
422 1126 576 1215 Legenda
596 1130 697 1214 prima
721 1127 895 1216 aliquando
914 1128 997 1195 dicta
1014 1127 1073 1196 fuit
1089 1130 1227 1216 Legenda
1245 1131 1322 1198 Gre-

188 1238 281 1325 gorii.
322 1235 396 1301 Hoc
408 1236 543 1301 nomine
556 1233 643 1300 illam
656 1233 803 1323 designat
817 1234 1033 1325 Waddingus,
1044 1236 1099 1324 qui
1116 1259 1182 1303 non
1196 1236 1323 1304 videtur

193 1343 294 1409 huius
305 1341 526 1430 appellationis
546 1358 665 1408 auctor.
708 1341 756 1408 lix
772 1363 870 1428 opere
886 1339 986 1409 fratris
999 1341 1152 1410 Thomae
1165 1363 1320 1432 tanquam

192 1449 327 1516 efonte
351 1465 523 1515 manarunt
545 1445 623 1513 aliae
648 1446 821 1534 Legendae
841 1447 997 1535 prioribus
1021 1448 1218 1536 temporibus
1248 1451 1322 1517 scri-

192 1578 281 1645 ptae,
305 1557 351 1622 uti
383 1552 556 1642 Legendae
594 1553 708 1621 Iuliani
733 1553 773 1620 de
797 1554 945 1641 spirae>
974 1555 1105 1621 loannis
1143 1554 1183 1622 de
1222 1555 1324 1643 Cepe-

192 1685 278 1730 rano
293 1661 328 1716 (²)
351 1679 383 1728 et
406 1661 576 1748 antiquum
597 1661 718 1727 Poema
739 1659 779 1726 de
798 1660 872 1727 Vita
888 1662 989 1728 suncti
1003 1662 1172 1728 francisci.
1186 1661 1221 1715 (³)
1259 1662 1322 1729 Po·

192 1771 346 1837 steriores
370 1766 468 1835 etiam
491 1766 670 1854 scriptores,
695 1769 740 1834 uti
765 1786 895 1834 sanctus
914 1767 1141 1835 Bouaventura
1157 1787 1189 1834 et
1212 1786 1324 1835 auctor

194 1874 343 1965 opusculi
370 1873 590 1940 communiter
612 1871 686 1939 dicti
703 1873 841 1960 Legenda
867 1875 957 1939 trium
981 1875 1137 1952 sociorum,
1154 1875 1255 1942 multa
1282 1898 1322 1942 ex

193 2005 295 2072 opere
318 1979 356 2047 fr.
382 1978 537 2047 Thomae
562 1979 818 2066 desumpserunt.
862 1981 1002 2047 Summo
1026 1981 1113 2046 enirn
1138 1978 1247 2048 favore
1271 2004 1322 2048 ac·

194 2108 289 2176 cepta
312 2085 374 2153 fuit
390 2082 543 2173 Legenda
559 2084 671 2172 prima,
687 2103 753 2151 tam
770 2104 859 2150 extra
875 2085 1022 2152 ordinem
1041 2086 1207 2153 Minorutn
1226 2109 1323 2174 quam

194 2198 291 2263 intra.
335 2194 390 2260 Sic
414 2217 445 2256 v.
469 2216 515 2280 g.,
542 2191 656 2280 quinto
684 2211 757 2280 post
776 2192 901 2258 obitum
925 2193 1026 2259 sancti
1051 2194 1211 2262 francisci
1224 2216 1322 2277 anuo,

93 2373 97 2380 ,
194 2303 285 2370 illam
308 2323 383 2388 prae
404 2297 553 2367 manibus
577 2297 713 2365 habebar
751 2297 854 2364 Lucas
877 2299 1046 2387 episcopus
1070 2299 1245 2381 Tudensis‚
1269 2302 1324 2388 qui

196 2406 356 2477 nonnulla
384 2406 453 2474 eius
484 2423 631 2494 excerpto
656 2406 688 2472 in
713 2427 810 2494 opere
834 2427 894 2473 suo
927 2425 1038 2473 contra
1062 2406 1253 2496 Albigenses
1276 2429 1325 2474 re-

197 2514 390 2604 portat-iro>

270 2693 313 2759 (r)
334 2691 412 2743 lianc
432 2689 598 2759 legendam,
619 2691 695 2743 cuius
715 2689 866 2761 fragmenta
885 2691 956 2744 edita
973 2690 1105 2746 fuerantu
1123 2693 1151 2746 P.
1168 2692 1324 2764 Suyslteuio

195 2784 224 2835 in
242 2781 321 2835 Actis
341 2780 369 2833 S.
389 2779 535 2843 Francisci,
554 2780 689 2833 recensuit
708 2791 736 2833 et
754 2781 858 2848 integre
877 2781 950 2833 dedit
970 2780 997 2834 P.
1014 2781 1078 2835 Vru
1100 2782 1235 2845 Onrnor,
1255 2784 1327 2837 Ano·

196 2872 261 2925 iccio
280 2868 458 2930 Bollandiana,
472 2880 491 2919 t.
505 2867 579 2930 xxi,
594 2885 635 2938 pp.
661 2868 790 2933 148-202.
824 2868 931 2938 incipit:
949 2888 962 2916 t<
973 2870 1016 2921 Ad
1035 2869 1089 2922 hoc
1104 2871 1286 2940 quorumdam
1300 2892 1324 2927 u.

270 2961 315 3023 (a)
337 2956 430 3010 «Eam
450 2972 520 3027 quae
539 2956 633 3025 incipit
654 2958 735 3025 Quasi
753 2957 821 3010 rioilo
846 2961 972 3010 matutino
994 2958 1126 3029 (scripsit)
1145 2961 1185 3011 vir
1212 2976 1324 3013 venera·

197 3047 260 3100 bilis
279 3046 414 3108 dominus,
433 3058 463 3097 ut
486 3042 576 3108 fertur,
595 3045 711 3099 loannes
735 3046 903 3115 apostolicae
928 3046 1006 3099 Sedis
1026 3048 1182 3111 notarius»,
1202 3050 1237 3100 ita
1258 3048 1324 3101 Ber·

199 3135 301 3189 nardus
319 3136 353 3187 de
373 3134 466 3192 Bessa,
485 3133 531 3187 loc.
551 3136 592 3187 cii.
633 3134 712 3204 Opus
731 3137 827 3188 notarii
849 3135 957 3188 loannis
972 3135 1061 3190 adhuc
1076 3136 1148 3200 latet,
1167 3136 1258 3189 solum
1278 3137 1325 3190 ha·

199 3224 348 3293 bernoain
367 3223 485 3294 antiquis
510 3223 676 3277 lectionariis
699 3224 802 3277 ordinis
826 3224 1054 3290 Praedicatorunr,
1074 3242 1172 3277 novem
1194 3225 1325 3279 lectiones

200 3333 214 3361 e
226 3330 259 3365 ex
277 3313 360 3383 gestis
378 3313 436 3365 eius
456 3312 618 3365 abbreviatis
638 3329 708 3382 quae
724 3314 763 3366 sic
790 3313 920 3382 incipiunt
941 3314 1023 3381 Quasi
1041 3314 1109 3366 stelio
1121 3335 1145 3379 »,
1165 3331 1230 3385 quas
1252 3316 1323 3385 typis

200 3402 274 3455 dedi:
296 3400 412 3471 Legenda
432 3401 519 3454 Brevis
539 3400 564 3454 S.
585 3402 625 3466 F„
643 3400 759 3465 Romae,
783 3402 857 3471 1899.

275 3491 318 3560 (ς)
339 3486 449 3543 Editum
470 3490 502 3542 ab
523 3491 644 3543 Antonio
663 3490 854 3544 Cnrsroraur:
875 3491 898 3543 ll
912 3493 956 3559 pii
977 3494 1059 3544 critico
1079 3501 1168 3561 poema
1188 3491 1250 3545 dcllu
1270 3497 1324 3546 viia

203 3579 229 3632 di
248 3580 274 3633 S.
294 3580 435 3632 Frunresco
451 3578 567 3643 ri'Assisi,
587 3578 679 3643 Prato,
701 3582 776 3631 1882.
809 3577 851 3632 Cf.
867 3581 1025 3633 ,lliscrlloneu
1040 3582 1221 3644 Frorrcertonu,
1240 3594 1258 3634 t.
1280 3583 1325 3647 lV,

202 3685 227 3739 p.
249 3684 290 3737 33,
309 3680 326 3720 t.
349 3667 384 3734 V,
397 3685 441 3739 pp.
457 3683 480 3737 5,
500 3684 543 3737 73,
559 3683 617 3733 124,
630 3684 656 3720 et
668 3680 687 3722 t.
707 3667 753 3736 Vl,
768 3687 793 3740 p.
808 3668 850 3723 26.
881 3670 1002 3723 ,irraletur
1023 3670 1199 3731 Bolltnniiuno.
1215 3685 1234 3724 t.
1249 3671 1325 3737 Xlll,

201 3776 227 3828 p.
247 3754 290 3810 66.

271 3848 314 3917 (4)
335 3847 417 3900 Lucae
450 3846 569 3900 Tudernis
587 3848 702 3917 episcopi,
733 3847 761 3899 de
780 3847 858 3899 aliero
877 3850 941 3912 viia,
956 3848 1063 3918 fideique
1086 3851 1261 3902 sorrirocurtiis
1281 3850 1324 3902 od·

201 3952 285 3987 rursus
303 3934 477 4004 Albigenrium
497 3952 602 3999 errores,
627 3936 687 3988 uiri
711 3944 767 4000 ires,
790 3955 855 3990 nnnc
877 3941 988 4007 primum
1010 3941 1035 3990 in
1055 3940 1132 3991 linum
1151 3939 1324 4007 pr'oluiiwa

202 4023 231 4077 P.
251 4022 354 4077 Ioanne
373 4023 508 4078 Martiano
529 4023 558 4077 S.
578 4025 598 4079 I.
618 4024 760 4097 theologo,
779 4028 805 4078 in
828 4028 945 4079 ,ilorimu
964 4029 1116 4080 utiliorum
1141 4029 1251 4080 Veterum
1275 4030 1322 4080 l'o·

203 4120 311 4166 irum...
329 4112 511 4183 aMargarino
522 4129 558 4167 ne
569 4112 610 4167 Ln
624 4114 722 4177 litent,
733 4115 796 4169 edit.
808 4115 942 4185 lugdun,
953 4127 968 4167 t,
983 4116 1058 4168 XXV
1070 4116 1176 4184 (1677),
1197 4135 1239 4186 pp.
1258 4120 1322 4169 188-

204 4215 263 4268 251.
300 4200 388 4255 Lucas
401 4203 434 4255 ad
453 4202 569 4256 litteram
591 4203 655 4256 citat
671 4203 811 4257 Thomam
825 4206 857 4257 de
879 4205 1056 4269 Stigrnatibus
1072 4206 1157 4257 sancti
1179 4205 1324 4270 francisci,

205 4300 230 4341 et
247 4302 289 4342 sat
307 4290 430 4343 mirabile
449 4304 488 4344 est
503 4292 575 4344 hunc
593 4291 691 4345 clarum
711 4293 800 4345 virum
820 4292 976 4359 exemplum
991 4294 1081 4345 Sancti
1099 4293 1231 4346 francisci
1249 4312 1325 4347 usur-

205 4394 267 4446 pare
288 4398 303 4427 a
313 4391 408 4431 contra
426 4378 488 4433 illos
505 4381 549 4451 qui
570 4381 664 4434 dicunt
677 4394 730 4435 tres
743 4394 850 4434 tantum
864 4381 959 4434 clavos
973 4381 1054 4434 inisse
1071 4381 1136 4434 fixos
1150 4383 1177 4433 in
1197 4385 1322 4435 inanibus

205 4477 232 4519 et
249 4468 361 4537 pedibus
371 4468 518 4524 Salvatoris
530 4492 556 4535 u,
570 4471 634 4523 dum
650 4472 806 4541 paulopost
820 4471 970 4523 videbimus
986 4472 1132 4541 quemdam
1151 4471 1257 4524 fratrc-tu
1272 4473 1323 4524 Mi·
