3142 4875
254 332 327 423 384
558 353 765 402 variemus
795 354 842 402 on
871 353 1065 402 Minacuns

251 606 289 662 et
309 589 343 660 in
364 588 424 660 die
446 586 689 659 solemnitatis
710 587 825 683 ipsius
845 586 985 682 aliquot
1000 610 1152 681 pascere
1173 611 1368 683 pauperes,

251 696 280 767 si
311 695 421 766 filiam
450 720 554 766 suam
575 711 692 766 a-tam
722 693 892 766 insolenti
915 692 1150 790 aegritudine
1175 690 1367 765 relevaret.

251 801 398 873 Emisso
427 820 526 884 vot0,
561 802 684 896 puella
714 801 823 896 plene
852 800 1006 872 liberata
1036 798 1231 880 convaluit,
1269 798 1369 871 noxii

253 907 369 979 morbi
400 924 484 1004 post
513 907 605 980 haec
634 907 770 979 nullam
800 906 965 998 sentiens
993 906 1206 977 laesionem.

334 1035 391 1106 75.
424 1016 554 1085 Petrus
583 1013 827 1096 Mancanella,
854 1014 1061 1086 Gaietanus
1090 1011 1190 1094 civis,
1213 1036 1280 1108 per
1305 1037 1371 1108 pa·
1405 1043 1417 1101 5

250 1121 382 1217 ralysis
420 1123 589 1192 morbum
629 1120 817 1192 brachium
857 1120 1018 1216 perdidit
1055 1135 1167 1214 atque
1201 1144 1367 1200 manum,

250 1254 292 1299 os
321 1244 500 1300 retortum
531 1252 668 1325 gerens
698 1251 816 1322 usque
844 1228 890 1300 ad
920 1252 1059 1298 aurem.
1120 1225 1193 1319 Qui
1224 1251 1308 1296 cum
1329 1251 1369 1297 se

251 1334 413 1406 consiliis
441 1350 649 1429 exponeret
669 1333 911 1415 medicorum,
932 1333 1052 1404 visum
1082 1331 1205 1404 amisit
1233 1332 1372 1427 pariter

250 1459 287 1513 et
315 1442 493 1513 auditum.
552 1442 722 1513 Tandem
744 1441 855 1512 beato
876 1440 1077 1512 Francisco
1095 1437 1310 1535 suppliciter
1330 1464 1370 1511 se

249 1548 409 1628 devovit,
429 1563 466 1620 et
481 1548 533 1619 sic
548 1549 596 1619 ab
611 1547 711 1620 omni
732 1546 832 1620 dicta
847 1546 1059 1618 infirmitate
1079 1544 1282 1618 beatissimi
1302 1545 1368 1616 viri
1404 1574 1444 1618 10

252 1655 391 1726 meritis
419 1654 561 1726 exstitit
591 1652 778 1726 liberatus.

333 1766 390 1852 76.
424 1759 527 1833 Civis
556 1759 707 1856 quidam
728 1760 775 1832 de
795 1760 966 1832 Tuderto
986 1759 1021 1831 in
1042 1774 1186 1831 tantum
1214 1759 1369 1831 artetica

249 1869 486 1964 gravabatur.
528 1867 629 1963 quod
671 1884 825 1964 propter
866 1864 1143 1938 vehementiam
1185 1865 1370 1961 passionis

249 1975 442 2070 quiescere
472 1975 619 2070 penitus
640 1999 713 2045 non
734 1975 893 2046 valebat.
951 1973 1123 2045 Tandem
1137 1998 1229 2044 cum
1250 1971 1297 2044 ad
1321 1971 1370 2042 ni-

249 2081 363 2153 bilum
384 2080 503 2178 redigi
525 2080 721 2160 videretur,
742 2079 842 2152 nullo
858 2081 929 2152 iam
952 2079 1181 2151 medicorum
1203 2079 1369 2150 remedio
1405 2108 1443 2172 15

249 2188 474 2271 sublevatus,
494 2212 618 2260 coram
637 2187 800 2282 quodam
816 2187 1012 2258 sacerdote
1027 2185 1074 2258 ad
1091 2186 1240 2257 beatum
1258 2186 1370 2257 Fran-

249 2296 387 2367 ciscum
409 2293 591 2376 clamavit,
614 2310 651 2366 et
671 2294 808 2366 emisso
827 2309 927 2378 vot0,
950 2292 1146 2364 sanitatem
1175 2290 1369 2388 pristinam

249 2402 470 2499 impetravit.
1218 2399 1225 2412 '

333 2531 392 2600 77.
411 2509 585 2603 Quidam,
610 2509 760 2580 nomine
781 2507 1028 2589 Bontadosus
1052 2532 1133 2579 curn
1157 2506 1192 2578 in
1209 2506 1369 2603 pedibus

249 2635 324 2688 tam
344 2641 498 2712 gravem
518 2615 717 2688 sustineret
736 2614 916 2698 dolorem,
938 2615 1040 2709 quod
1065 2614 1212 2709 penitus
1231 2638 1272 2685 se
1295 2639 1369 2683 mo·
1402 2645 1445 2691 20

250 2748 335 2795 vere
366 2747 439 2794 non
469 2740 605 2818 posset,
639 2722 722 2792 cibo
752 2721 898 2816 perdito
922 2738 1035 2816 atque
1064 2746 1206 2797 somno.
1239 2746 1260 2791 a
1289 2745 1370 2791 mu-

250 2829 337 2900 liere
367 2829 527 2924 quadam
558 2854 708 2900 suasum
730 2844 787 2899 est
807 2827 839 2899 ei
861 2844 900 2899 ut
919 2829 1031 2899 beato
1061 2828 1261 2899 Francisco
1281 2853 1370 2922 sup-

249 2934 392 3031 pliciter
412 2962 451 3008 se
468 2952 634 3012 voveret.
682 2935 757 3027 Qui
779 2934 892 3006 nimio
912 2936 1041 3006 dolore
1061 2950 1265 3029 correptus,
1284 2958 1369 3005 cum

249 3068 332 3113 eum
356 3068 427 3113 non
449 3068 532 3114 esse
547 3061 716 3114 sanctum
737 3067 776 3112 se
798 3042 950 3113 credere
971 3042 1122 3120 diceret,
1146 3041 1299 3114 muliere
1321 3038 1370 3112 ni-

250 3148 447 3220 bilominus
476 3149 701 3244 pertinacius
730 3164 970 3245 suggerente,
1005 3146 1107 3219 vovit
1135 3173 1175 3219 se
1205 3147 1239 3218 in
1271 3148 1368 3218 hunc
1400 3177 1444 3243 25

251 3257 419 3327 modurn:
438 3255 570 3327 Voveo
593 3280 662 3335 me,
685 3254 813 3350 inquit,
832 3273 961 3326 sancto
978 3254 1179 3326 Francisco
1194 3270 1232 3325 et
1248 3254 1369 3349 ipsum

250 3363 362 3435 credo
382 3388 465 3434 esse
486 3380 666 3445 sanctum,
692 3361 721 3432 si
752 3386 811 3433 me
831 3361 925 3432 infra
954 3362 1061 3432 trium
1083 3360 1226 3432 dierum
1247 3360 1369 3432 termi-

251 3497 337 3541 num
366 3471 414 3541 ab
444 3470 512 3541 hac
541 3468 776 3565 aegritudine
807 3467 986 3540 liberabit.
1054 3467 1127 3559 Qui
1163 3493 1251 3539 mox
1288 3466 1371 3563 ipso

251 3577 406 3649 mirante
435 3576 605 3658 surrexit,
637 3600 785 3647 reversa
815 3600 911 3670 quae
940 3575 1083 3647 abierat
1110 3576 1300 3669 sospitate.

332 3687 390 3775 78.
423 3684 557 3755 Mulier
585 3682 770 3778 quaedam
801 3707 868 3777 per
900 3706 1019 3753 annos
1054 3681 1178 3777 plures
1207 3679 1243 3753 in
1273 3679 1370 3752 lecto
1402 3716 1444 3780 30

248 3790 469 3863 infirmitatis
498 3815 587 3862 suae
616 3790 818 3871 decubans,
851 3814 934 3859 curn
956 3814 996 3859 se
1015 3787 1141 3883 aliquo
1161 3788 1274 3859 modo
1294 3812 1368 3857 mo·

249 3924 335 3969 vere
365 3924 438 3969 non
469 3913 606 3994 posset,
640 3922 660 3966 a
689 3896 801 3967 beato
822 3895 1023 3968 Francisco
1052 3909 1182 3967 sanata
1203 3893 1369 3990 implevit

249 4004 371 4076 officia
400 4006 496 4076 vitae
525 4029 626 4075 suae.

332 4134 389 4200 79.
422 4111 569 4182 Iuvenis
598 4110 749 4205 quidam
771 4109 807 4180 in
828 4108 978 4181 civitate
1002 4107 1130 4179 Narnii
1151 4109 1367 4205 perdecem

249 4243 367 4288 annos
397 4216 617 4311 gravissima
646 4233 702 4287 est
731 4214 944 4288 infirmitate
973 4216 1157 4297 detentus,
1190 4216 1237 4285 ita
1269 4230 1369 4285 totus
1401 4251 1440 4313 35

321 4460 360 4496 20,
381 4447 432 4497 AB
452 4463 532 4507 grave
609 4450 648 4496 zn‘.
671 4446 716 4497 lli
737 4444 889 4497 liberaverit
