<?xml version="1.0" encoding="UTF-8"?>
<!DOCTYPE html PUBLIC "-//W3C//DTD XHTML 1.0 Transitional//EN"
    "http://www.w3.org/TR/xhtml1/DTD/xhtml1-transitional.dtd">
<html xmlns="http://www.w3.org/1999/xhtml" xml:lang="en" lang="en">
 <head>
  <title>
</title>
<meta http-equiv="Content-Type" content="text/html;charset=utf-8" />
  <meta name='ocr-system' content='tesseract 3.04.00' />
  <meta name='ocr-capabilities' content='ocr_page ocr_carea ocr_par ocr_line ocrx_word'/>
</head>
<body>
  <div class='ocr_page' id='page_1' title='image "./sfrancisciassis00dogoog_0393.png"; bbox 0 0 3142 4875; ppageno 0'>
   <div class='ocr_carea' id='block_1_1' title="bbox 600 358 1312 429">
    <p class='ocr_par' dir='ltr' id='par_1_1' title="bbox 600 358 1312 429">
     <span class='ocr_line' id='line_1_1' title="bbox 600 358 1312 429; baseline 0.001 -21"><span class='ocrx_word' id='word_1_1' title='bbox 600 361 704 410; x_wconf 85' lang='grc' dir='ltr'>ΒΕΛΤΙ</span> <span class='ocrx_word' id='word_1_2' title='bbox 734 360 919 410; x_wconf 85' lang='lat' dir='ltr'>FRANCISCI</span> <span class='ocrx_word' id='word_1_3' title='bbox 1149 413 1152 420; x_wconf 62' lang='grc'>,</span> <span class='ocrx_word' id='word_1_4' title='bbox 1241 358 1312 429; x_wconf 80' lang='lat'><strong>301</strong></span> 
     </span>
    </p>
   </div>
   <div class='ocr_carea' id='block_1_2' title="bbox 137 591 1319 1758">
    <p class='ocr_par' dir='ltr' id='par_1_2' title="bbox 137 591 1319 1758">
     <span class='ocr_line' id='line_1_2' title="bbox 202 591 1317 691; baseline 0.001 -27"><span class='ocrx_word' id='word_1_5' title='bbox 202 593 391 691; x_wconf 86' lang='lat' dir='ltr'>postulent</span> <span class='ocrx_word' id='word_1_6' title='bbox 420 593 632 677; x_wconf 74' lang='lat' dir='ltr'><strong>medicinas</strong></span> <span class='ocrx_word' id='word_1_7' title='bbox 675 618 743 664; x_wconf 90' lang='lat' dir='ltr'><strong>nec</strong></span> <span class='ocrx_word' id='word_1_8' title='bbox 781 591 890 664; x_wconf 90' lang='lat' dir='ltr'><strong>nimis</strong></span> <span class='ocrx_word' id='word_1_9' title='bbox 918 592 1134 665; x_wconf 85' lang='lat' dir='ltr'>desiderent</span> <span class='ocrx_word' id='word_1_10' title='bbox 1161 592 1317 665; x_wconf 88' lang='lat' dir='ltr'><strong>liberare</strong></span> 
     </span>
     <span class='ocr_line' id='line_1_3' title="bbox 202 698 1315 795; baseline -0.001 -23"><span class='ocrx_word' id='word_1_11' title='bbox 202 725 352 773; x_wconf 89' lang='lat' dir='ltr'><strong>carnem</strong></span> <span class='ocrx_word' id='word_1_12' title='bbox 390 699 463 772; x_wconf 92' lang='lat' dir='ltr'><strong>cito</strong></span> <span class='ocrx_word' id='word_1_13' title='bbox 491 699 718 782; x_wconf 89' lang='lat' dir='ltr'><strong>morituram,</strong></span> <span class='ocrx_word' id='word_1_14' title='bbox 750 725 846 795; x_wconf 89' lang='lat' dir='ltr'><strong>quae</strong></span> <span class='ocrx_word' id='word_1_15' title='bbox 880 715 939 772; x_wconf 91' lang='lat' dir='ltr'><strong>est</strong></span> <span class='ocrx_word' id='word_1_16' title='bbox 974 698 1120 772; x_wconf 91' lang='lat' dir='ltr'><strong>animae</strong></span> <span class='ocrx_word' id='word_1_17' title='bbox 1157 699 1315 772; x_wconf 87' lang='lat' dir='ltr'><strong>inimica.</strong></span> 
     </span>
     <span class='ocr_line' id='line_1_4' title="bbox 201 806 1319 904; baseline 0.001 -26"><span class='ocrx_word' id='word_1_18' title='bbox 201 806 262 879; x_wconf 90' lang='lat' dir='ltr'><strong>De</strong></span> <span class='ocrx_word' id='word_1_19' title='bbox 291 807 464 878; x_wconf 89' lang='lat' dir='ltr'><strong>omnibus</strong></span> <span class='ocrx_word' id='word_1_20' title='bbox 491 807 632 903; x_wconf 87' lang='lat' dir='ltr'>gratias</span> <span class='ocrx_word' id='word_1_21' title='bbox 660 824 785 904; x_wconf 87' lang='lat' dir='ltr'>agant,</span> <span class='ocrx_word' id='word_1_22' title='bbox 809 823 850 878; x_wconf 92' lang='lat' dir='ltr'><strong>ut</strong></span> <span class='ocrx_word' id='word_1_23' title='bbox 878 807 1007 903; x_wconf 90' lang='lat' dir='ltr'><strong>quales</strong></span> <span class='ocrx_word' id='word_1_24' title='bbox 1035 808 1113 879; x_wconf 92' lang='lat' dir='ltr'><strong>vult</strong></span> <span class='ocrx_word' id='word_1_25' title='bbox 1139 832 1207 878; x_wconf 92' lang='lat' dir='ltr'><strong>eos</strong></span> <span class='ocrx_word' id='word_1_26' title='bbox 1236 832 1319 879; x_wconf 89' lang='lat' dir='ltr'><strong>esse</strong></span> 
     </span>
     <span class='ocr_line' id='line_1_5' title="bbox 201 912 1319 1006; baseline 0 -21"><span class='ocrx_word' id='word_1_27' title='bbox 201 913 319 996; x_wconf 77' lang='lat' dir='ltr'><strong>DeuS,</strong></span> <span class='ocrx_word' id='word_1_28' title='bbox 350 912 443 986; x_wconf 87' lang='lat' dir='ltr'><strong>tales</strong></span> <span class='ocrx_word' id='word_1_29' title='bbox 471 939 511 985; x_wconf 90' lang='lat' dir='ltr'><strong>se</strong></span> <span class='ocrx_word' id='word_1_30' title='bbox 541 914 618 985; x_wconf 86' lang='lat' dir='ltr'><strong>sore</strong></span> <span class='ocrx_word' id='word_1_31' title='bbox 647 913 871 986; x_wconf 86' lang='lat' dir='ltr'><strong>desiderent.</strong></span> <span class='ocrx_word' id='word_1_32' title='bbox 944 913 1051 1006; x_wconf 85' lang='lat' dir='ltr'><strong>Quos</strong></span> <span class='ocrx_word' id='word_1_33' title='bbox 1085 913 1184 985; x_wconf 86' lang='lat' dir='ltr'><strong>enirn</strong></span> <span class='ocrx_word' id='word_1_34' title='bbox 1214 913 1319 986; x_wconf 91' lang='lat' dir='ltr'><strong>Deus</strong></span> 
     </span>
     <span class='ocr_line' id='line_1_6' title="bbox 153 1019 1318 1118; baseline 0 -25"><span class='ocrx_word' id='word_1_35' title='bbox 153 1044 170 1110; x_wconf 82' lang='lat'>5</span> <span class='ocrx_word' id='word_1_36' title='bbox 201 1021 249 1093; x_wconf 91' lang='lat' dir='ltr'><strong>ad</strong></span> <span class='ocrx_word' id='word_1_37' title='bbox 276 1020 391 1092; x_wconf 89' lang='lat' dir='ltr'><strong>vitam</strong></span> <span class='ocrx_word' id='word_1_38' title='bbox 420 1019 697 1116; x_wconf 85' lang='lat' dir='ltr'><strong>praeordinavit</strong></span> <span class='ocrx_word' id='word_1_39' title='bbox 724 1036 915 1093; x_wconf 85' lang='lat' dir='ltr'><strong>aeternam</strong></span> <span class='ocrx_word' id='word_1_40' title='bbox 945 1019 1177 1118; x_wconf 84' lang='lat' dir='ltr'><strong>flagellorum</strong></span> <span class='ocrx_word' id='word_1_41' title='bbox 1206 1036 1318 1116; x_wconf 88' lang='lat' dir='ltr'><strong>atque</strong></span> 
     </span>
     <span class='ocr_line' id='line_1_7' title="bbox 203 1125 1318 1224; baseline 0.001 -26"><span class='ocrx_word' id='word_1_42' title='bbox 203 1125 455 1199; x_wconf 87' lang='lat' dir='ltr'><strong>infirmitatum</strong></span> <span class='ocrx_word' id='word_1_43' title='bbox 493 1125 649 1198; x_wconf 88' lang='lat' dir='ltr'><strong>stimulis</strong></span> <span class='ocrx_word' id='word_1_44' title='bbox 676 1126 808 1209; x_wconf 90' lang='lat' dir='ltr'><strong>erudit,</strong></span> <span class='ocrx_word' id='word_1_45' title='bbox 842 1127 937 1199; x_wconf 89' lang='lat' dir='ltr'><strong>sicut</strong></span> <span class='ocrx_word' id='word_1_46' title='bbox 972 1127 1051 1223; x_wconf 91' lang='lat' dir='ltr'><strong>ipse</strong></span> <span class='ocrx_word' id='word_1_47' title='bbox 1089 1126 1200 1199; x_wconf 85' lang='lat' dir='ltr'><strong>dixit:</strong></span> <span class='ocrx_word' id='word_1_48' title='bbox 1231 1127 1318 1224; x_wconf 89' lang='lat' dir='ltr'><strong>Ego</strong></span> 
     </span>
     <span class='ocr_line' id='line_1_8' title="bbox 203 1232 836 1332; baseline -0.002 -27"><span class='ocrx_word' id='word_1_49' title='bbox 203 1259 297 1330; x_wconf 92' lang='lat' dir='ltr'><strong>quos</strong></span> <span class='ocrx_word' id='word_1_50' title='bbox 324 1258 410 1306; x_wconf 92' lang='lat' dir='ltr'><strong>amo</strong></span> <span class='ocrx_word' id='word_1_51' title='bbox 439 1232 586 1330; x_wconf 85' lang='lat' dir='ltr'><strong>corrigo</strong></span> <span class='ocrx_word' id='word_1_52' title='bbox 615 1250 653 1305; x_wconf 90' lang='lat' dir='ltr'><strong>et</strong></span> <span class='ocrx_word' id='word_1_53' title='bbox 681 1234 836 1332; x_wconf 90' lang='lat' dir='ltr'><strong>castigo.</strong></span> 
     </span>
     <span class='ocr_line' id='line_1_9' title="bbox 288 1339 1316 1431; baseline 0.001 -20"><span class='ocrx_word' id='word_1_54' title='bbox 288 1345 372 1431; x_wconf 86' lang='lat'>176.</span> <span class='ocrx_word' id='word_1_55' title='bbox 413 1339 601 1412; x_wconf 86' lang='lat' dir='ltr'><strong>lnfirmum</strong></span> <span class='ocrx_word' id='word_1_56' title='bbox 643 1341 855 1424; x_wconf 76' lang='lat' dir='ltr'><strong>quemdam,</strong></span> <span class='ocrx_word' id='word_1_57' title='bbox 899 1340 957 1413; x_wconf 92' lang='lat' dir='ltr'><strong>cui</strong></span> <span class='ocrx_word' id='word_1_58' title='bbox 1000 1340 1316 1413; x_wconf 87' lang='lat' dir='ltr'><strong>comedendarum</strong></span> 
     </span>
     <span class='ocr_line' id='line_1_10' title="bbox 203 1446 1316 1531; baseline -0.001 -12"><span class='ocrx_word' id='word_1_59' title='bbox 203 1472 356 1520; x_wconf 88' lang='lat' dir='ltr'><strong>uvarum</strong></span> <span class='ocrx_word' id='word_1_60' title='bbox 385 1447 650 1519; x_wconf 87' lang='lat' dir='ltr'><strong>desiderium</strong></span> <span class='ocrx_word' id='word_1_61' title='bbox 641 1472 763 1518; x_wconf 79' lang='lat' dir='ltr'><strong>inesse</strong></span> <span class='ocrx_word' id='word_1_62' title='bbox 793 1448 944 1531; x_wconf 85' lang='lat' dir='ltr'><strong>sciebat,</strong></span> <span class='ocrx_word' id='word_1_63' title='bbox 976 1446 1121 1519; x_wconf 89' lang='lat' dir='ltr'><strong>semel</strong></span> <span class='ocrx_word' id='word_1_64' title='bbox 1113 1473 1148 1519; x_wconf 86' lang='lat' dir='ltr'><strong>rn</strong></span> <span class='ocrx_word' id='word_1_65' title='bbox 1169 1446 1316 1521; x_wconf 85' lang='lat' dir='ltr'><strong>vineam</strong></span> 
     </span>
     <span class='ocr_line' id='line_1_11' title="bbox 137 1525 1318 1638; baseline 0.001 -14"><span class='ocrx_word' id='word_1_66' title='bbox 137 1577 175 1625; x_wconf 91' lang='lat'><strong>10</strong></span> <span class='ocrx_word' id='word_1_67' title='bbox 202 1554 317 1633; x_wconf 87' lang='lat' dir='ltr'><strong>duxit</strong></span> <span class='ocrx_word' id='word_1_68' title='bbox 349 1569 387 1626; x_wconf 90' lang='lat' dir='ltr'><strong>et</strong></span> <span class='ocrx_word' id='word_1_69' title='bbox 424 1525 559 1626; x_wconf 87' lang='lat' dir='ltr'><strong>sederis</strong></span> <span class='ocrx_word' id='word_1_70' title='bbox 588 1554 736 1625; x_wconf 91' lang='lat' dir='ltr'><strong>subt</strong></span> <span class='ocrx_word' id='word_1_71' title='bbox 685 1554 769 1638; x_wconf 88' lang='lat' dir='ltr'><strong>vit,e</strong></span> <span class='ocrx_word' id='word_1_72' title='bbox 738 1570 842 1626; x_wconf 92' lang='lat' dir='ltr'><strong>eut</strong></span> <span class='ocrx_word' id='word_1_73' title='bbox 870 1549 1090 1627; x_wconf 89' lang='lat' dir='ltr'><strong>comedendi</strong></span> <span class='ocrx_word' id='word_1_74' title='bbox 1124 1554 1318 1627; x_wconf 87' lang='lat' dir='ltr'><strong>andaciam</strong></span> 
     </span>
     <span class='ocr_line' id='line_1_12' title="bbox 203 1659 760 1758; baseline -0.002 -26"><span class='ocrx_word' id='word_1_75' title='bbox 203 1662 317 1744; x_wconf 89' lang='lat' dir='ltr'><strong>daret,</strong></span> <span class='ocrx_word' id='word_1_76' title='bbox 349 1659 450 1758; x_wconf 94' lang='lat' dir='ltr'><strong>prior</strong></span> <span class='ocrx_word' id='word_1_77' title='bbox 478 1660 558 1757; x_wconf 91' lang='lat' dir='ltr'><strong>ipse</strong></span> <span class='ocrx_word' id='word_1_78' title='bbox 587 1659 760 1733; x_wconf 88' lang='lat' dir='ltr'><strong>comedit.</strong></span> 
     </span>
    </p>
   </div>
   <div class='ocr_carea' id='block_1_3' title="bbox 232 2004 1367 2233">
    <p class='ocr_par' dir='ltr' id='par_1_3' title="bbox 232 2004 1367 2233">
     <span class='ocr_line' id='line_1_13' title="bbox 232 2004 1367 2118; baseline 0.001 -35"><span class='ocrx_word' id='word_1_79' title='bbox 232 2004 306 2118; x_wconf 82' lang='lat' dir='ltr'><strong>[De</strong></span> <span class='ocrx_word' id='word_1_80' title='bbox 340 2013 583 2106; x_wconf 76' lang='lat' dir='ltr'><strong>compassione</strong></span> <span class='ocrx_word' id='word_1_81' title='bbox 614 2039 736 2108; x_wconf 72' lang='lat' dir='ltr'><strong>quomv</strong></span> <span class='ocrx_word' id='word_1_82' title='bbox 761 2012 929 2110; x_wconf 75' lang='lat' dir='ltr'><strong>infirmis</strong></span> <span class='ocrx_word' id='word_1_83' title='bbox 960 2013 1101 2108; x_wconf 75' lang='lat' dir='ltr'><strong>spiritu</strong></span> <span class='ocrx_word' id='word_1_84' title='bbox 1128 2013 1290 2109; x_wconf 78' lang='lat' dir='ltr'><strong>gerebat,</strong></span> <span class='ocrx_word' id='word_1_85' title='bbox 1364 2025 1367 2034; x_wconf 85' lang='lat'>&#39;</span> 
     </span>
     <span class='ocr_line' id='line_1_14' title="bbox 295 2119 1222 2233; baseline -0.002 -34"><span class='ocrx_word' id='word_1_86' title='bbox 295 2128 385 2199; x_wconf 78' lang='lat' dir='ltr'><strong>etde</strong></span> <span class='ocrx_word' id='word_1_87' title='bbox 405 2127 455 2198; x_wconf 78' lang='lat' dir='ltr'><strong>iis</strong></span> <span class='ocrx_word' id='word_1_88' title='bbox 474 2129 543 2223; x_wconf 82' lang='lat' dir='ltr'><strong>qui</strong></span> <span class='ocrx_word' id='word_1_89' title='bbox 558 2137 685 2226; x_wconf 75' lang='lat' dir='ltr'><strong>contro</strong></span> <span class='ocrx_word' id='word_1_90' title='bbox 703 2119 957 2233; x_wconf 65' lang='lat' dir='ltr'><strong>hocfocz&#39;unt}</strong></span> <span class='ocrx_word' id='word_1_91' title='bbox 1008 2126 1222 2199; x_wconf 86' lang='lat' dir='ltr'><strong>CXXXIV.</strong></span> 
     </span>
    </p>
   </div>
   <div class='ocr_carea' id='block_1_4' title="bbox 133 2331 1322 4138">
    <p class='ocr_par' dir='ltr' id='par_1_4' title="bbox 288 2331 1318 2423">
     <span class='ocr_line' id='line_1_15' title="bbox 288 2331 1318 2423; baseline -0.001 -19"><span class='ocrx_word' id='word_1_92' title='bbox 288 2353 370 2423; x_wconf 89' lang='lat'>177.</span> <span class='ocrx_word' id='word_1_93' title='bbox 395 2332 479 2405; x_wconf 90' lang='lat' dir='ltr'><strong>Illos</strong></span> <span class='ocrx_word' id='word_1_94' title='bbox 499 2350 623 2404; x_wconf 88' lang='lat' dir='ltr'><strong>autem</strong></span> <span class='ocrx_word' id='word_1_95' title='bbox 644 2332 810 2404; x_wconf 85' lang='lat' dir='ltr'><strong>infirmos</strong></span> <span class='ocrx_word' id='word_1_96' title='bbox 830 2331 958 2405; x_wconf 89' lang='lat' dir='ltr'><strong>maiori</strong></span> <span class='ocrx_word' id='word_1_97' title='bbox 990 2333 1139 2404; x_wconf 85' lang='lat' dir='ltr'><strong>fovebat</strong></span> <span class='ocrx_word' id='word_1_98' title='bbox 1159 2333 1318 2404; x_wconf 83' lang='lat' dir='ltr'><strong>clemen-</strong></span> 
     </span>
    </p>

    <p class='ocr_par' dir='ltr' id='par_1_5' title="bbox 133 2439 1322 4138">
     <span class='ocr_line' id='line_1_16' title="bbox 137 2439 1319 2538; baseline -0.004 -23"><span class='ocrx_word' id='word_1_99' title='bbox 137 2470 173 2534; x_wconf 85' lang='lat'><strong>15</strong></span> <span class='ocrx_word' id='word_1_100' title='bbox 203 2441 263 2525; x_wconf 89' lang='lat' dir='ltr'><strong>tia,</strong></span> <span class='ocrx_word' id='word_1_101' title='bbox 277 2442 456 2538; x_wconf 88' lang='lat' dir='ltr'><strong>patientia</strong></span> <span class='ocrx_word' id='word_1_102' title='bbox 476 2442 729 2537; x_wconf 85' lang='lat' dir='ltr'><strong>supportabat,</strong></span> <span class='ocrx_word' id='word_1_103' title='bbox 749 2465 844 2536; x_wconf 91' lang='lat' dir='ltr'><strong>quos</strong></span> <span class='ocrx_word' id='word_1_104' title='bbox 862 2441 964 2512; x_wconf 90' lang='lat' dir='ltr'><strong>velut</strong></span> <span class='ocrx_word' id='word_1_105' title='bbox 983 2439 1204 2512; x_wconf 90' lang='lat' dir='ltr'><strong>fluctuantes</strong></span> <span class='ocrx_word' id='word_1_106' title='bbox 1222 2439 1319 2537; x_wconf 92' lang='lat' dir='ltr'><strong>[par-</strong></span> 
     </span>
     <span class='ocr_line' id='line_1_17' title="bbox 204 2540 1319 2646; baseline -0.002 -27"><span class='ocrx_word' id='word_1_107' title='bbox 204 2549 321 2646; x_wconf 88' lang='lat' dir='ltr'><strong>vulos]</strong></span> <span class='ocrx_word' id='word_1_108' title='bbox 363 2548 631 2621; x_wconf 88' lang='lat' dir='ltr'><strong>tentationibus</strong></span> <span class='ocrx_word' id='word_1_109' title='bbox 660 2549 823 2644; x_wconf 90' lang='lat' dir='ltr'><strong>agitatos</strong></span> <span class='ocrx_word' id='word_1_110' title='bbox 851 2563 889 2619; x_wconf 90' lang='lat' dir='ltr'><strong>et</strong></span> <span class='ocrx_word' id='word_1_111' title='bbox 930 2546 1059 2643; x_wconf 90' lang='lat' dir='ltr'><strong>spiritu</strong></span> <span class='ocrx_word' id='word_1_112' title='bbox 1102 2540 1319 2619; x_wconf 80' lang='lat' dir='ltr'><strong>deficientes</strong></span> 
     </span>
     <span class='ocr_line' id='line_1_18' title="bbox 203 2653 1318 2752; baseline 0 -27"><span class='ocrx_word' id='word_1_113' title='bbox 203 2655 353 2727; x_wconf 87' lang='lat' dir='ltr'><strong>sciebat.</strong></span> <span class='ocrx_word' id='word_1_114' title='bbox 414 2655 522 2727; x_wconf 91' lang='lat' dir='ltr'><strong>Unde</strong></span> <span class='ocrx_word' id='word_1_115' title='bbox 551 2660 703 2751; x_wconf 82' lang='lat' dir='ltr'><strong>asperas</strong></span> <span class='ocrx_word' id='word_1_116' title='bbox 732 2655 982 2727; x_wconf 89' lang='lat' dir='ltr'><strong>correctiones</strong></span> <span class='ocrx_word' id='word_1_117' title='bbox 1013 2653 1229 2752; x_wconf 77' lang='lat' dir='ltr'><strong>[d]evitan5‚</strong></span> <span class='ocrx_word' id='word_1_118' title='bbox 1256 2654 1318 2726; x_wconf 91' lang='lat' dir='ltr'><strong>nbi</strong></span> 
     </span>
     <span class='ocr_line' id='line_1_19' title="bbox 205 2761 1319 2858; baseline -0.001 -24"><span class='ocrx_word' id='word_1_119' title='bbox 205 2787 277 2834; x_wconf 91' lang='lat' dir='ltr'><strong>non</strong></span> <span class='ocrx_word' id='word_1_120' title='bbox 306 2762 452 2834; x_wconf 91' lang='lat' dir='ltr'><strong>videret</strong></span> <span class='ocrx_word' id='word_1_121' title='bbox 479 2762 694 2858; x_wconf 87' lang='lat' dir='ltr'><strong>periculum,</strong></span> <span class='ocrx_word' id='word_1_122' title='bbox 725 2763 904 2858; x_wconf 88' lang='lat' dir='ltr'><strong>parcebat</strong></span> <span class='ocrx_word' id='word_1_123' title='bbox 932 2761 1063 2858; x_wconf 85' lang='lat' dir='ltr'><strong>virgae</strong></span> <span class='ocrx_word' id='word_1_124' title='bbox 1083 2777 1123 2832; x_wconf 92' lang='lat' dir='ltr'><strong>ut</strong></span> <span class='ocrx_word' id='word_1_125' title='bbox 1148 2778 1319 2857; x_wconf 86' lang='lat' dir='ltr'><strong>parceret</strong></span> 
     </span>
     <span class='ocr_line' id='line_1_20' title="bbox 203 2867 1318 2964; baseline -0.002 -23"><span class='ocrx_word' id='word_1_126' title='bbox 203 2868 360 2941; x_wconf 89' lang='lat' dir='ltr'><strong>animae.</strong></span> <span class='ocrx_word' id='word_1_127' title='bbox 419 2867 671 2963; x_wconf 88' lang='lat' dir='ltr'><strong>Delinquendi</strong></span> <span class='ocrx_word' id='word_1_128' title='bbox 701 2868 894 2941; x_wconf 86' lang='lat' dir='ltr'><strong>materiam</strong></span> <span class='ocrx_word' id='word_1_129' title='bbox 923 2869 1152 2964; x_wconf 87' lang='lat' dir='ltr'><strong>praevenire,</strong></span> <span class='ocrx_word' id='word_1_130' title='bbox 1177 2893 1245 2939; x_wconf 90' lang='lat' dir='ltr'><strong>nec</strong></span> <span class='ocrx_word' id='word_1_131' title='bbox 1274 2867 1318 2939; x_wconf 89' lang='lat' dir='ltr'><strong>si·</strong></span> 
     </span>
     <span class='ocr_line' id='line_1_21' title="bbox 134 2974 1315 3071; baseline 0 -26"><span class='ocrx_word' id='word_1_132' title='bbox 134 3000 175 3045; x_wconf 88' lang='lat'><strong>20</strong></span> <span class='ocrx_word' id='word_1_133' title='bbox 205 3000 292 3048; x_wconf 87' lang='lat' dir='ltr'><strong>nere</strong></span> <span class='ocrx_word' id='word_1_134' title='bbox 308 2975 381 3047; x_wconf 88' lang='lat' dir='ltr'><strong>labi</strong></span> <span class='ocrx_word' id='word_1_135' title='bbox 396 3000 492 3058; x_wconf 89' lang='lat' dir='ltr'><strong>eum,</strong></span> <span class='ocrx_word' id='word_1_136' title='bbox 508 2975 569 3071; x_wconf 90' lang='lat' dir='ltr'><strong>qui</strong></span> <span class='ocrx_word' id='word_1_137' title='bbox 581 2974 778 3047; x_wconf 84' lang='lat' dir='ltr'><strong>difficulter</strong></span> <span class='ocrx_word' id='word_1_138' title='bbox 791 2974 998 3071; x_wconf 81' lang='lat' dir='ltr'><strong>erigeretur</strong></span> <span class='ocrx_word' id='word_1_139' title='bbox 1013 2974 1134 3059; x_wconf 78' lang='lat' dir='ltr'><strong>elisuS,</strong></span> <span class='ocrx_word' id='word_1_140' title='bbox 1149 2974 1315 3071; x_wconf 91' lang='lat' dir='ltr'><strong>praelati,</strong></span> 
     </span>
     <span class='ocr_line' id='line_1_22' title="bbox 205 3081 1316 3179; baseline 0.001 -27"><span class='ocrx_word' id='word_1_141' title='bbox 205 3082 265 3178; x_wconf 93' lang='lat' dir='ltr'><strong>qui</strong></span> <span class='ocrx_word' id='word_1_142' title='bbox 295 3099 401 3179; x_wconf 90' lang='lat' dir='ltr'><strong>pater</strong></span> <span class='ocrx_word' id='word_1_143' title='bbox 430 3097 487 3155; x_wconf 88' lang='lat' dir='ltr'><strong>est</strong></span> <span class='ocrx_word' id='word_1_144' title='bbox 516 3108 589 3154; x_wconf 92' lang='lat' dir='ltr'><strong>non</strong></span> <span class='ocrx_word' id='word_1_145' title='bbox 617 3099 809 3176; x_wconf 89' lang='lat' dir='ltr'><strong>tyrannus,</strong></span> <span class='ocrx_word' id='word_1_146' title='bbox 826 3081 1016 3178; x_wconf 89' lang='lat' dir='ltr'><strong>proprium</strong></span> <span class='ocrx_word' id='word_1_147' title='bbox 1045 3107 1129 3153; x_wconf 88' lang='lat' dir='ltr'><strong>esse</strong></span> <span class='ocrx_word' id='word_1_148' title='bbox 1157 3082 1316 3153; x_wconf 89' lang='lat' dir='ltr'><strong>dicebat.</strong></span> 
     </span>
     <span class='ocr_line' id='line_1_23' title="bbox 204 3187 1319 3283; baseline 0.002 -26"><span class='ocrx_word' id='word_1_149' title='bbox 204 3187 284 3261; x_wconf 90' lang='lat' dir='ltr'><strong>Vae</strong></span> <span class='ocrx_word' id='word_1_150' title='bbox 314 3189 524 3261; x_wconf 86' lang='lat' dir='ltr'><strong>miseranda</strong></span> <span class='ocrx_word' id='word_1_151' title='bbox 553 3187 668 3260; x_wconf 86' lang='lat' dir='ltr'><strong>nostri</strong></span> <span class='ocrx_word' id='word_1_152' title='bbox 703 3188 877 3262; x_wconf 87' lang='lat' dir='ltr'><strong>vecordia</strong></span> <span class='ocrx_word' id='word_1_153' title='bbox 914 3187 1110 3283; x_wconf 81' lang='lat' dir='ltr'><strong>temporis!</strong></span> <span class='ocrx_word' id='word_1_154' title='bbox 1168 3187 1319 3260; x_wconf 81' lang='lat' dir='ltr'><strong>Labiles</strong></span> 
     </span>
     <span class='ocr_line' id='line_1_24' title="bbox 204 3294 1319 3391; baseline -0.002 -24"><span class='ocrx_word' id='word_1_155' title='bbox 204 3321 278 3367; x_wconf 93' lang='lat' dir='ltr'><strong>non</strong></span> <span class='ocrx_word' id='word_1_156' title='bbox 308 3295 427 3367; x_wconf 92' lang='lat' dir='ltr'><strong>solum</strong></span> <span class='ocrx_word' id='word_1_157' title='bbox 457 3320 530 3367; x_wconf 92' lang='lat' dir='ltr'><strong>non</strong></span> <span class='ocrx_word' id='word_1_158' title='bbox 560 3296 738 3391; x_wconf 85' lang='lat' dir='ltr'><strong>erigimus</strong></span> <span class='ocrx_word' id='word_1_159' title='bbox 766 3294 826 3367; x_wconf 89' lang='lat' dir='ltr'><strong>vel</strong></span> <span class='ocrx_word' id='word_1_160' title='bbox 859 3294 1102 3375; x_wconf 87' lang='lat' dir='ltr'><strong>continemus,</strong></span> <span class='ocrx_word' id='word_1_161' title='bbox 1134 3296 1201 3366; x_wconf 91' lang='lat' dir='ltr'><strong>sed</strong></span> <span class='ocrx_word' id='word_1_162' title='bbox 1231 3319 1319 3366; x_wconf 91' lang='lat' dir='ltr'><strong>non-</strong></span> 
     </span>
     <span class='ocr_line' id='line_1_25' title="bbox 204 3401 1320 3498; baseline -0.003 -23"><span class='ocrx_word' id='word_1_163' title='bbox 204 3427 407 3497; x_wconf 89' lang='lat' dir='ltr'><strong>numquam</strong></span> <span class='ocrx_word' id='word_1_164' title='bbox 437 3402 659 3498; x_wconf 87' lang='lat' dir='ltr'><strong>impellimus</strong></span> <span class='ocrx_word' id='word_1_165' title='bbox 685 3403 734 3474; x_wconf 88' lang='lat' dir='ltr'><strong>ad</strong></span> <span class='ocrx_word' id='word_1_166' title='bbox 762 3403 984 3478; x_wconf 86' lang='lat' dir='ltr'><strong>cadendum.</strong></span> <span class='ocrx_word' id='word_1_167' title='bbox 1047 3401 1172 3473; x_wconf 89' lang='lat' dir='ltr'><strong>Nihilo</strong></span> <span class='ocrx_word' id='word_1_168' title='bbox 1210 3426 1320 3497; x_wconf 92' lang='lat' dir='ltr'><strong>repu-</strong></span> 
     </span>
     <span class='ocr_line' id='line_1_26' title="bbox 133 3508 1319 3605; baseline 0.004 -30"><span class='ocrx_word' id='word_1_169' title='bbox 133 3529 176 3594; x_wconf 85' lang='lat'><strong>25</strong></span> <span class='ocrx_word' id='word_1_170' title='bbox 204 3526 325 3581; x_wconf 88' lang='lat' dir='ltr'><strong>tamus</strong></span> <span class='ocrx_word' id='word_1_171' title='bbox 353 3509 492 3605; x_wconf 84' lang='lat' dir='ltr'><strong>pastori</strong></span> <span class='ocrx_word' id='word_1_172' title='bbox 522 3508 571 3581; x_wconf 92' lang='lat' dir='ltr'><strong>illi</strong></span> <span class='ocrx_word' id='word_1_173' title='bbox 600 3534 746 3580; x_wconf 90' lang='lat' dir='ltr'><strong>summo</strong></span> <span class='ocrx_word' id='word_1_174' title='bbox 775 3534 886 3580; x_wconf 84' lang='lat' dir='ltr'><strong>unam</strong></span> <span class='ocrx_word' id='word_1_175' title='bbox 907 3508 1090 3581; x_wconf 90' lang='lat' dir='ltr'><strong>oviculam</strong></span> <span class='ocrx_word' id='word_1_176' title='bbox 1110 3509 1319 3580; x_wconf 91' lang='lat' dir='ltr'><strong>detractare</strong></span> 
     </span>
     <span class='ocr_line' id='line_1_27' title="bbox 203 3613 1320 3712; baseline -0.002 -25"><span class='ocrx_word' id='word_1_177' title='bbox 203 3642 270 3712; x_wconf 90' lang='lat' dir='ltr'><strong>pro</strong></span> <span class='ocrx_word' id='word_1_178' title='bbox 300 3641 374 3712; x_wconf 89' lang='lat' dir='ltr'><strong>qua</strong></span> <span class='ocrx_word' id='word_1_179' title='bbox 402 3616 563 3688; x_wconf 90' lang='lat' dir='ltr'><strong>validum</strong></span> <span class='ocrx_word' id='word_1_180' title='bbox 594 3614 629 3687; x_wconf 93' lang='lat' dir='ltr'><strong>in</strong></span> <span class='ocrx_word' id='word_1_181' title='bbox 659 3641 769 3688; x_wconf 88' lang='lat' dir='ltr'><strong>cruce</strong></span> <span class='ocrx_word' id='word_1_182' title='bbox 802 3614 1002 3687; x_wconf 89' lang='lat' dir='ltr'><strong>clamorem</strong></span> <span class='ocrx_word' id='word_1_183' title='bbox 1032 3629 1122 3686; x_wconf 71' lang='lat' dir='ltr'><strong>&#39;cum</strong></span> <span class='ocrx_word' id='word_1_184' title='bbox 1161 3613 1320 3686; x_wconf 89' lang='lat' dir='ltr'><strong>lacrimis</strong></span> 
     </span>
     <span class='ocr_line' id='line_1_28' title="bbox 204 3721 1320 3818; baseline -0.001 -24"><span class='ocrx_word' id='word_1_185' title='bbox 204 3723 346 3796; x_wconf 87' lang='lat' dir='ltr'><strong>obtulit.</strong></span> <span class='ocrx_word' id='word_1_186' title='bbox 405 3722 525 3795; x_wconf 86' lang='lat' dir='ltr'><strong>Aliter</strong></span> <span class='ocrx_word' id='word_1_187' title='bbox 552 3738 603 3803; x_wconf 89' lang='lat' dir='ltr'><strong>tu,</strong></span> <span class='ocrx_word' id='word_1_188' title='bbox 635 3739 761 3794; x_wconf 87' lang='lat' dir='ltr'><strong>sancte</strong></span> <span class='ocrx_word' id='word_1_189' title='bbox 791 3737 906 3818; x_wconf 88' lang='lat' dir='ltr'><strong>pater,</strong></span> <span class='ocrx_word' id='word_1_190' title='bbox 938 3737 1106 3794; x_wconf 87' lang='lat' dir='ltr'><strong>errantes</strong></span> <span class='ocrx_word' id='word_1_191' title='bbox 1140 3721 1320 3815; x_wconf 89' lang='lat' dir='ltr'><strong>mal[en]s</strong></span> 
     </span>
     <span class='ocr_line' id='line_1_29' title="bbox 204 3826 1320 3925; baseline -0.004 -23"><span class='ocrx_word' id='word_1_192' title='bbox 204 3830 404 3902; x_wconf 87' lang='lat' dir='ltr'><strong>emendare</strong></span> <span class='ocrx_word' id='word_1_193' title='bbox 433 3855 545 3925; x_wconf 89' lang='lat' dir='ltr'><strong>quam</strong></span> <span class='ocrx_word' id='word_1_194' title='bbox 583 3831 751 3925; x_wconf 88' lang='lat' dir='ltr'><strong>perdere.</strong></span> <span class='ocrx_word' id='word_1_195' title='bbox 823 3828 969 3901; x_wconf 86' lang='lat' dir='ltr'><strong>Scimus</strong></span> <span class='ocrx_word' id='word_1_196' title='bbox 1004 3845 1129 3900; x_wconf 87' lang='lat' dir='ltr'><strong>tamen</strong></span> <span class='ocrx_word' id='word_1_197' title='bbox 1169 3826 1320 3899; x_wconf 91' lang='lat' dir='ltr'><strong>morbos</strong></span> 
     </span>
     <span class='ocr_line' id='line_1_30' title="bbox 204 3932 1318 4033; baseline -0.001 -27"><span class='ocrx_word' id='word_1_198' title='bbox 204 3936 376 4033; x_wconf 89' lang='lat' dir='ltr'><strong>propriae</strong></span> <span class='ocrx_word' id='word_1_199' title='bbox 411 3936 657 4009; x_wconf 90' lang='lat' dir='ltr'><strong>voluntatis</strong></span> <span class='ocrx_word' id='word_1_200' title='bbox 649 3961 684 4007; x_wconf 84' lang='lat' dir='ltr'><strong>rn</strong></span> <span class='ocrx_word' id='word_1_201' title='bbox 718 3934 942 4031; x_wconf 90' lang='lat' dir='ltr'><strong>quibusdam</strong></span> <span class='ocrx_word' id='word_1_202' title='bbox 978 3934 1088 4007; x_wconf 88' lang='lat' dir='ltr'><strong>altius</strong></span> <span class='ocrx_word' id='word_1_203' title='bbox 1120 3932 1318 4020; x_wconf 90' lang='lat' dir='ltr'><strong>radicatos,</strong></span> 
     </span>
     <span class='ocr_line' id='line_1_31' title="bbox 134 4042 1322 4138; baseline 0.002 -27.036"><span class='ocrx_word' id='word_1_204' title='bbox 134 4043 332 4138; x_wconf 85' lang='lat' dir='ltr'><strong>3oeisqne</strong></span> <span class='ocrx_word' id='word_1_205' title='bbox 361 4067 456 4138; x_wconf 89' lang='lat' dir='ltr'><strong>opus</strong></span> <span class='ocrx_word' id='word_1_206' title='bbox 483 4068 567 4116; x_wconf 90' lang='lat' dir='ltr'><strong>esse</strong></span> <span class='ocrx_word' id='word_1_207' title='bbox 594 4042 770 4127; x_wconf 91' lang='lat' dir='ltr'><strong>cauterio,</strong></span> <span class='ocrx_word' id='word_1_208' title='bbox 802 4067 876 4114; x_wconf 94' lang='lat' dir='ltr'><strong>non</strong></span> <span class='ocrx_word' id='word_1_209' title='bbox 915 4058 1119 4138; x_wconf 90' lang='lat' dir='ltr'><strong>unguento</strong></span> <span class='ocrx_word' id='word_1_210' title='bbox 1185 4042 1322 4137; x_wconf 91' lang='lat' dir='ltr'><strong>Liquet</strong></span> 
     </span>
    </p>
   </div>
   <div class='ocr_carea' id='block_1_5' title="bbox 204 4250 1322 4481">
    <p class='ocr_par' dir='ltr' id='par_1_6' title="bbox 204 4250 1322 4481">
     <span class='ocr_line' id='line_1_32' title="bbox 278 4250 1322 4323; baseline 0.003 -21"><span class='ocrx_word' id='word_1_211' title='bbox 278 4267 317 4314; x_wconf 77' lang='lat'><strong>14.</strong></span> <span class='ocrx_word' id='word_1_212' title='bbox 341 4250 419 4320; x_wconf 83' lang='lat' dir='ltr'><strong>Illos]</strong></span> <span class='ocrx_word' id='word_1_213' title='bbox 446 4251 466 4304; x_wconf 89' lang='lat' dir='ltr'><strong><em>R</em></strong></span> <span class='ocrx_word' id='word_1_214' title='bbox 492 4252 561 4314; x_wconf 87' lang='lat' dir='ltr'><strong>Eos;</strong></span> <span class='ocrx_word' id='word_1_215' title='bbox 584 4254 610 4303; x_wconf 79' lang='lat' dir='ltr'><strong>in</strong></span> <span class='ocrx_word' id='word_1_216' title='bbox 634 4250 686 4305; x_wconf 75' lang='lat' dir='ltr'><strong>rod.</strong></span> <span class='ocrx_word' id='word_1_217' title='bbox 713 4254 736 4305; x_wconf 72' lang='lat' dir='ltr'><em>A</em></span> <span class='ocrx_word' id='word_1_218' title='bbox 762 4251 827 4305; x_wconf 88' lang='lat' dir='ltr'><strong>Llos</strong></span> <span class='ocrx_word' id='word_1_219' title='bbox 952 4251 1048 4319; x_wconf 76' lang='lat'>15-16,</span> <span class='ocrx_word' id='word_1_220' title='bbox 1075 4255 1099 4307; x_wconf 81' lang='lat' dir='ltr'><em>A</em></span> <span class='ocrx_word' id='word_1_221' title='bbox 1123 4271 1172 4310; x_wconf 84' lang='lat' dir='ltr'><strong>om.</strong></span> <span class='ocrx_word' id='word_1_222' title='bbox 1198 4253 1322 4323; x_wconf 82' lang='lat' dir='ltr'><strong>parvulos</strong></span> 
     </span>
     <span class='ocr_line' id='line_1_33' title="bbox 207 4331 1321 4403; baseline 0.003 -21"><span class='ocrx_word' id='word_1_223' title='bbox 207 4345 247 4399; x_wconf 87' lang='lat'><strong>17.</strong></span> <span class='ocrx_word' id='word_1_224' title='bbox 265 4331 289 4383; x_wconf 81' lang='lat' dir='ltr'><em>A</em></span> <span class='ocrx_word' id='word_1_225' title='bbox 309 4331 412 4383; x_wconf 83' lang='lat' dir='ltr'><strong>evitans</strong></span> <span class='ocrx_word' id='word_1_226' title='bbox 492 4348 533 4386; x_wconf 87' lang='lat'><strong>22.</strong></span> <span class='ocrx_word' id='word_1_227' title='bbox 553 4332 746 4401; x_wconf 84' lang='lat' dir='ltr'><strong>Vae-nostri]</strong></span> <span class='ocrx_word' id='word_1_228' title='bbox 770 4332 790 4385; x_wconf 85' lang='lat' dir='ltr'><em>R</em></span> <span class='ocrx_word' id='word_1_229' title='bbox 813 4332 960 4385; x_wconf 85' lang='lat' dir='ltr'><strong>Ut-nimis</strong></span> <span class='ocrx_word' id='word_1_230' title='bbox 1039 4349 1082 4403; x_wconf 83' lang='lat'><strong>25·</strong></span> <span class='ocrx_word' id='word_1_231' title='bbox 1102 4334 1122 4386; x_wconf 85' lang='lat' dir='ltr'><em>R</em></span> <span class='ocrx_word' id='word_1_232' title='bbox 1143 4352 1191 4388; x_wconf 86' lang='lat' dir='ltr'><strong>om.</strong></span> <span class='ocrx_word' id='word_1_233' title='bbox 1211 4349 1321 4387; x_wconf 86' lang='lat' dir='ltr'><strong>summo</strong></span> 
     </span>
     <span class='ocr_line' id='line_1_34' title="bbox 204 4408 714 4481; baseline 0 -19"><span class='ocrx_word' id='word_1_234' title='bbox 204 4417 226 4462; x_wconf 80' lang='lat' dir='ltr'><strong>rt</strong></span> <span class='ocrx_word' id='word_1_235' title='bbox 245 4408 288 4480; x_wconf 65' lang='lat' dir='ltr'><strong>leg.</strong></span> <span class='ocrx_word' id='word_1_236' title='bbox 308 4410 448 4463; x_wconf 83' lang='lat' dir='ltr'><strong>detrahere</strong></span> <span class='ocrx_word' id='word_1_237' title='bbox 521 4427 562 4481; x_wconf 84' lang='lat'><strong>27.</strong></span> <span class='ocrx_word' id='word_1_238' title='bbox 582 4411 607 4463; x_wconf 83' lang='lat' dir='ltr'><em>A</em></span> <span class='ocrx_word' id='word_1_239' title='bbox 628 4411 714 4463; x_wconf 83' lang='lat' dir='ltr'><strong>malos</strong></span> 
     </span>
    </p>
   </div>
   <div class='ocr_carea' id='block_1_6' title="bbox 0 0 1582 4875">
    <p class='ocr_par' dir='ltr' id='par_1_7' title="bbox 0 0 1582 4875">
     <span class='ocr_line' id='line_1_35' title="bbox 0 0 1582 4875; baseline 0 0"><span class='ocrx_word' id='word_1_240' title='bbox 0 0 1582 4875; x_wconf 95' lang='lat' dir='ltr'><strong> </strong></span> 
     </span>
    </p>
   </div>
  </div>
 </body>
</html>
