3142 4875
195 698 272 797 [De
298 699 454 795 efficacia
481 724 689 771 sermonum
717 701 799 771 er'us
826 710 860 770 et
887 701 1092 771 testimonio
1120 701 1315 772 cuiusdam

403 815 555 911 plrysr'cz'
578 817 632 887 od
655 816 718 888 leot
745 816 857 914 datol.
927 816 1099 888 LXXIII.

280 1050 362 1117 107.
384 1027 490 1100 Licet
509 1044 634 1100 autem
655 1027 890 1123 evangelista
910 1026 1132 1098 Franciscus
1153 1052 1219 1122 per
1240 1053 1313 1100 ma-

192 1133 335 1206 terialia
376 1150 413 1205 et
455 1134 559 1206 rudia
597 1134 751 1205 rudibus
793 1133 1038 1230 praedicaret,
1084 1149 1214 1228 utpote
1251 1134 1314 1230 qui

148 1255 165 1321 5
193 1240 334 1312 sciebat
362 1240 444 1335 plus
473 1266 568 1337 opus
597 1267 680 1313 esse
709 1242 845 1314 virtute
881 1266 993 1336 quam
1022 1241 1156 1322 verbis
1189 1256 1313 1312 tamen

193 1346 288 1420 inter
315 1346 524 1443 spirituales
561 1347 758 1446 magisque
798 1373 956 1443 capaces
992 1346 1138 1419 vivifica
1167 1364 1205 1419 et
1232 1373 1315 1444 pro·

194 1453 308 1526 funda
334 1454 564 1549 parturiebat
593 1455 751 1550 eloquia.
811 1453 991 1527 Brevibus
1013 1454 1190 1526 innuebat
1211 1455 1312 1550 quod

193 1575 273 1632 erat
296 1561 490 1644 ineffabile,
514 1578 552 1632 et
571 1561 710 1657 ignitos
730 1564 956 1634 interserens
976 1579 1106 1658 gestus
1127 1577 1164 1633 et
1192 1578 1311 1643 nutus,

193 1682 293 1739 totos
321 1666 490 1763 rapiebat
509 1668 698 1741 auditores
721 1670 768 1740 ad
790 1667 938 1740 caelica.
997 1669 1083 1740 Non
1113 1667 1316 1740 distinctio-

126 1788 165 1832 10
195 1799 282 1846 num
307 1773 471 1847 clavibus
491 1776 673 1850 utebatur.
694 1775 781 1871 quia
797 1799 891 1870 quos
913 1775 992 1870 ipse
1009 1800 1082 1847 non
1103 1773 1316 1847 inveniebat

195 1906 268 1952 non
297 1880 495 1954 ordinabat
522 1907 727 1954 sermones.
786 1882 913 1953 Dabat
940 1881 1023 1952 voci
1063 1905 1153 1953 suae
1183 1906 1314 1953 vocem

192 1986 338 2059 virtutis
366 2014 454 2061 vera
487 1989 602 2061 virtus
640 2004 679 2060 et
715 1988 898 2084 sapientia
933 1987 1150 2084 Christ[us].
1209 1987 1316 2058 Dixit

193 2094 393 2190 aliquando
416 2096 590 2188 physicus
610 2095 772 2191 quidam,
791 2097 847 2166 vir
866 2095 1033 2166 eruditus
1057 2110 1095 2165 et
1115 2093 1313 2189 eloquens:

194 2202 290 2273 Cum
320 2219 552 2274 caeterorum
582 2201 898 2298 praedicationem
933 2201 982 2272 de
1010 2202 1126 2272 verbo
1155 2201 1202 2271 ad
1232 2225 1315 2271 ver·

126 2322 162 2386 15
192 2309 281 2380 bum
311 2308 501 2392 retineam,
525 2309 603 2382 sola
624 2335 683 2380 me
704 2309 886 2405 effugiunt
906 2333 1002 2403 quae
1024 2323 1175 2381 sanctus
1196 2307 1314 2378 Fran-

193 2416 313 2489 ciscus
342 2431 495 2488 eructat.
554 2416 724 2510 Quorum
753 2416 783 2488 si
813 2414 937 2511 aliqua
957 2413 1149 2487 committo
1170 2439 1314 2487 memo·

193 2523 280 2604 riae,
318 2548 391 2594 non
421 2523 481 2596 illa
518 2524 606 2596 mihi
635 2523 808 2596 videntur
838 2548 934 2618 quae
972 2548 1038 2596 sua
1076 2522 1178 2618 prius
1217 2522 1314 2594 labia

193 2629 426 2704 distillarunt.

622 2830 886 2837 ——-—.-—

236 3045 433 3140 [Qualiter
463 3046 601 3116 or'rlule
634 3045 738 3117 verbi
761 3056 834 3141 per
850 3048 1020 3142 fratrem
1056 3048 1282 3118 Silveslrrrrrr

124 3174 167 3220 20
270 3242 284 3253 l
308 3163 351 3232 de
378 3161 515 3232 Arrlz'o
541 3162 729 3232 daemones
756 3162 965 3259 effugom'tl.
1029 3162 1203 3233 LXXIV.

279 3375 364 3451 108.
385 3374 470 3446 Non
485 3373 605 3446 solum
621 3373 657 3445 in
673 3374 886 3471 praesentia
901 3374 1064 3447 virtuosa
1079 3391 1185 3446 erant
1200 3376 1315 3448 verba

194 3479 393 3562 Francisci‚
416 3481 483 3552 sed
502 3506 570 3578 per
589 3481 682 3553 alios
701 3481 929 3577 quandoque
952 3480 1168 3554 transmissa
1196 3508 1314 3577 vacua

195 3613 266 3661 non
288 3585 469 3660 redibant.
527 3586 678 3660 Accidit
705 3587 888 3684 siquidem
909 3588 1028 3683 ipsum
1052 3590 1099 3660 ad
1126 3588 1313 3660 civitatem

193 3694 313 3767 Aretii
342 3694 520 3767 devenire
556 3695 795 3790 quandoque,
827 3721 910 3767 cum
945 3720 1033 3768 ecce
1072 3711 1150 3766 tota
1184 3694 1313 3767 civitas

125 3815 164 3881 25
193 3800 369 3874 intestino
398 3799 496 3873 bello
524 3817 700 3897 quassata
728 3802 979 3898 propinquum
1016 3802 1071 3873 sui
1106 3800 1315 3873 minabatur
1386 3881 1390 3893 ¹

194 3908 390 3980 excidium.
449 3908 671 4005 Hospitatus
691 3908 817 4005 itaque
838 3908 894 3980 vir
912 3907 985 3980 Dei
1007 3908 1041 3979 in
1065 3908 1187 4004 burgo
1208 3924 1313 3980 extra

193 4014 379 4088 civitatem
404 4015 506 4087 videt
535 4041 648 4112 supra
676 4033 813 4089 terram
834 4015 932 4088 illam
961 4016 1167 4086 daemones
1195 4015 1315 4087 exsul·

193 4137 324 4205 tantes,
368 4138 406 4195 et
435 4122 534 4195 cives
575 4122 623 4195 ad
669 4124 803 4195 civium
841 4121 955 4195 exitia
991 4122 1311 4220 succe[n]dentes.

264 4346 289 4394 4.
310 4331 338 4383 sl
361 4348 409 4383 om.
432 4342 458 4384 et
548 4330 572 4383 6.
596 4331 714 4400 vivifica]
739 4334 758 4387 R
782 4332 896 4384 mirifica
992 4349 1029 4385 12.
1053 4332 1147 4402 virtus]
1172 4333 1193 4385 R
1215 4336 1313 4386 veritas

193 4410 218 4462 A
238 4409 349 4464 Christo
422 4426 463 4465 21.
485 4414 513 4465 II
532 4412 592 4464 Non
613 4411 703 4464 solum
724 4428 813 4465 autem
834 4414 861 4465 in
935 4415 976 4467 28.
997 4416 1020 4466 A
1041 4413 1217 4467 succedentes
