3142 4875
246 321 315 394 152
471 322 642 371 LEGENDA
671 322 782 370 PRIMA
811 323 916 371 BEATI
946 321 1129 371 FRANCISCl

238 434 397 443 *-

236 557 449 630 volentibus
476 556 583 652 sequi
615 554 776 652 vestigia
813 555 893 627 eius
931 578 1052 627 novae
1088 553 1361 626 benedictionis

235 663 407 762 gratiam,
426 661 590 737 studium
605 660 837 759 exquirendi,
857 661 974 758 utqui
990 663 1106 734 verbo
1121 675 1159 733 et
1170 661 1356 757 exemplo,

234 770 312 843 vita
340 786 379 843 et
406 770 577 842 doctrina
611 769 792 842 mundum
826 793 976 841 omnem
1005 766 1275 865 gloriosissime
1309 766 1359 838 in-

237 875 397 959 novavit,
428 893 574 949 mentes
602 874 837 973 diligentium
867 899 1003 948 nomen
1032 873 1186 946 Domini
1210 898 1365 971 semper

236 984 415 1082 dignetur
429 981 760 1079 supercaelestium
777 981 1041 1056 charismatum
1057 980 1163 1053 novis
1179 979 1359 1053 imbribus

236 1090 404 1188 irrigare.
463 1089 635 1163 Obsecro
663 1104 817 1186 propter
845 1113 1011 1161 amorem
1041 1086 1216 1185 pauperis
1233 1086 1358 1160 Cruci-

236 1196 298 1269 fixi
328 1213 367 1269 et
394 1221 461 1293 per
497 1222 604 1270 sacra
636 1195 816 1294 stigmata
843 1194 933 1279 eius
965 1219 1062 1291 quae
1089 1194 1223 1266 beatus
1251 1209 1358 1290 pater

235 1303 458 1377 Franciscus
486 1304 649 1399 portavit
683 1302 719 1374 in
758 1327 916 1399 corpore
945 1327 1024 1387 suo,
1065 1300 1258 1374 universos
1287 1300 1358 1373 ista

234 1408 416 1508 legentes
448 1410 619 1482 videntes
647 1424 685 1482 et
712 1410 918 1493 audientes
948 1425 988 1481 ut
1016 1432 1142 1481 coram
1171 1408 1257 1480 Deo
1284 1407 1356 1479 mei

235 1515 472 1591 meminerint
499 1516 718 1613 peccatoris.
775 1516 914 1595 Arnen.
942 1514 1161 1588 Benedictio
1180 1531 1219 1587 et
1238 1514 1358 1586 honor

234 1640 273 1696 et
301 1622 423 1696 omnis
450 1622 531 1696 laus
560 1623 608 1695 sit
635 1622 703 1696 soli
732 1623 892 1720 sapienti
921 1621 1019 1706 De0,
1036 1619 1100 1717 qui
1118 1622 1168 1694 ad
1196 1620 1355 1719 gloriam

180 1770 184 1777 ’
233 1754 339 1802 suam
368 1755 518 1827 semper
546 1728 672 1802 omnia
699 1730 736 1802 in
765 1729 939 1803 omnibus
966 1726 1241 1825 sapientissime
1270 1752 1356 1823 ope-

234 1852 345 1910 ratur.
403 1837 539 1910 Amen.
599 1827 734 1909 Amen.
794 1836 931 1910 Amen.

308 2063 327 2099 1.
342 2047 390 2101 AS
401 2065 448 2101 om.
462 2050 538 2119 sequi
612 2063 635 2102 2.
650 2062 678 2102 et
689 2048 827 2118 exemplo]
842 2049 900 2113 AS,
916 2041 990 2103 E'om
1006 2068 1014 2109 ,·
1036 2049 1070 2103 05
1086 2063 1168 2119 opere
1244 2062 1302 2115 3-4.
1312 2046 1356 2100 As

231 2127 395 2181 illuminavit
462 2144 487 2194 4.
500 2129 712 2198 Osom.setnper
784 2129 839 2196 7.ll
850 2146 899 2182 om.
911 2146 958 2200 per
995 2128 1145 2193 AS‚Lom.
1157 2139 1231 2197 pater
1299 2126 1357 2180 8.P

232 2208 297 2261 istos
370 2224 394 2276 9.
409 2208 456 2262 AS
466 2226 514 2261 om.
529 2208 649 2262 videntes
726 2224 764 2263 ro.
780 2210 815 2263 Os
828 2210 978 2277 peccatoris
994 2206 1116 2261 similiter
1132 2220 1158 2259 et
1173 2208 1252 2259 huius
1266 2206 1355 2277 operis

232 2289 378 2358 scriptoris.
399 2289 489 2341 Amen
585 2306 676 2360 10·13.
697 2290 759 2354 AS,
779 2291 814 2353 E,
836 2290 877 2353 H,
898 2290 933 2352 L,
951 2289 1039 2342 Pom.
1061 2287 1354 2341 Benedictio-Amen.

237 2384 275 2421 11.
294 2367 341 2438 ad]
363 2368 398 2422 Os
416 2384 461 2438 per
539 2385 576 2422 12.
598 2369 633 2424 Os
647 2369 846 2423 evidentissime
923 2385 961 2438 13.
980 2370 1027 2434 Os,
1046 2368 1065 2421 R
1083 2385 1132 2421 om,
1148 2369 1238 2421 Amen
1256 2369 1354 2420 Amen.

233 2447 291 2501 Post
304 2451 400 2501 Arnen.
421 2451 520 2502 Amen.
537 2452 633 2504 Amen.
648 2451 671 2504 Ε
683 2450 752 2503 babet
765 2450 881 2520 Explicit
897 2451 951 2502 vita
968 2452 1053 2502 sancti
1069 2465 1100 2501 ac
1114 2448 1260 2501 beatissimi
1275 2448 1355 2517 patris

232 2525 366 2580 Francisci
387 2530 431 2599 qui
453 2529 580 2582 recolitur
599 2533 658 2600 111J⁰
678 2530 747 2583 Non.
770 2530 916 2591 Octobris,·
937 2531 967 2584 H
984 2529 1099 2599 Explicit
1114 2530 1168 2582 vita
1185 2528 1252 2581 beati
1274 2528 1354 2581 Fran·

213 2662 215 2665 Α
232 2607 297 2661 cisci
316 2620 343 2660 et
362 2608 493 2661 miracula
513 2610 570 2662 eius
576 2627 585 2670 ,·
604 2611 624 2663 L
641 2609 756 2678 Explicit
772 2612 825 2663 vita
842 2612 926 2663 sancti
943 2610 1076 2663 francisci
1086 2611 1149 2672 ,205
1165 2608 1282 2678 Explicit
1300 2608 1353 2660 vita

230 2688 391 2740 sanctissimi
411 2687 544 2742 Francisci
565 2690 666 2743 Christi
688 2690 854 2744 confessoris>

303 2767 333 2820 ln
358 2767 411 2821 cod.
432 2770 568 2822 Purisiensi
589 2787 666 2823 mrtnu
689 2773 824 2840 posteriori
852 2774 993 2841 scriptum:
1020 2769 1100 2840 Apud
1125 2769 1266 2822 Perusium
1290 2766 1353 2820 felix

230 2846 356 2899 dominus
377 2847 449 2917 Papa
470 2847 620 2919 Gregorius
640 2866 737 2913 nonus,
751 2851 869 2903 secundo
886 2851 996 2920 gloriosi
1016 2848 1193 2903 Pontificatus
1212 2851 1252 2902 sui
1271 2863 1353 2911 annu,

229 2925 324 2996 quinto
344 2926 471 2981 kalendas
497 2928 594 2991 Martii,
616 2929 759 2999 legendam
786 2931 857 2983 hanc
884 2933 993 3001 recepit,
1012 2929 1181 2984 confirmavit
1203 2941 1229 2982 et
1249 2928 1353 2982 censuit

230 3004 289 3060 fore
303 3007 457 3061 tenendam.
473 3009 580 3063 Gratias
594 3012 773 3080 omnipotenti
789 3011 850 3064 Deo
866 3023 893 3064 et
907 3010 1041 3070 Salvatori
1057 3022 1150 3064 nostro
1165 3008 1352 3080 superomnia

230 3088 302 3141 dona
323 3105 369 3141 sua
389 3107 460 3142 nunc
481 3103 507 3143 et
526 3107 572 3159 per
591 3109 674 3144 omne
694 3092 842 3146 saeculum.
864 3094 960 3145 Arnen.

1390 1006 1406 1070 5

1391 1538 1431 1584 10
